<?xml version="1.0" encoding="UTF-8"?>
<!DOCTYPE html PUBLIC "-//W3C//DTD XHTML 1.0 Transitional//EN"
    "http://www.w3.org/TR/xhtml1/DTD/xhtml1-transitional.dtd">
<html xmlns="http://www.w3.org/1999/xhtml" xml:lang="en" lang="en">
 <head>
  <title>
</title>
<meta http-equiv="Content-Type" content="text/html;charset=utf-8" />
  <meta name='ocr-system' content='tesseract 3.04.00' />
  <meta name='ocr-capabilities' content='ocr_page ocr_carea ocr_par ocr_line ocrx_word'/>
</head>
<body>
  <div class='ocr_page' id='page_1' title='image "./hugonisgrotiide08barbgoog_0409.png"; bbox 0 0 3234 5125; ppageno 0'>
   <div class='ocr_carea' id='block_1_1' title="bbox 392 351 1515 424">
    <p class='ocr_par' dir='ltr' id='par_1_1' title="bbox 392 351 1515 424">
     <span class='ocr_line' id='line_1_1' title="bbox 392 351 1515 424; baseline -0.001 -8"><span class='ocrx_word' id='word_1_1' title='bbox 392 351 457 416; x_wconf 67' lang='lat'>324</span> <span class='ocrx_word' id='word_1_2' title='bbox 639 358 694 414; x_wconf 76' lang='lat' dir='ltr'>DE</span> <span class='ocrx_word' id='word_1_3' title='bbox 713 355 989 422; x_wconf 76' lang='lat' dir='ltr'>ncomsmomt</span> <span class='ocrx_word' id='word_1_4' title='bbox 1013 354 1244 411; x_wconf 75' lang='lat' dir='ltr'>oalomnam</span> <span class='ocrx_word' id='word_1_5' title='bbox 1368 354 1455 424; x_wconf 78' lang='lat' dir='ltr'>[Lm.</span> <span class='ocrx_word' id='word_1_6' title='bbox 1468 357 1515 416; x_wconf 79' lang='lat' dir='ltr'>II.</span> 
     </span>
    </p>
   </div>
   <div class='ocr_carea' id='block_1_2' title="bbox 231 518 1595 2675">
    <p class='ocr_par' dir='ltr' id='par_1_2' title="bbox 251 518 1515 807">
     <span class='ocr_line' id='line_1_2' title="bbox 392 518 1515 609; baseline -0.008 -17"><span class='ocrx_word' id='word_1_7' title='bbox 392 525 447 592; x_wconf 80' lang='lat' dir='ltr'>ced</span> <span class='ocrx_word' id='word_1_8' title='bbox 467 524 582 591; x_wconf 86' lang='lat' dir='ltr'>iactum</span> <span class='ocrx_word' id='word_1_9' title='bbox 599 543 662 589; x_wconf 88' lang='lat' dir='ltr'>non</span> <span class='ocrx_word' id='word_1_10' title='bbox 677 521 876 589; x_wconf 83' lang='lat' dir='ltr'>rescindunt:</span> <span class='ocrx_word' id='word_1_11' title='bbox 899 520 998 608; x_wconf 86' lang='lat' dir='ltr'>qualia</span> <span class='ocrx_word' id='word_1_12' title='bbox 1013 528 1084 588; x_wconf 90' lang='lat' dir='ltr'>erat</span> <span class='ocrx_word' id='word_1_13' title='bbox 1101 519 1154 586; x_wconf 87' lang='lat' dir='ltr'>lex</span> <span class='ocrx_word' id='word_1_14' title='bbox 1172 518 1289 596; x_wconf 80' lang='lat' dir='ltr'>Cincio,</span> <span class='ocrx_word' id='word_1_15' title='bbox 1307 539 1388 605; x_wconf 76' lang='lat' dir='ltr'>qum</span> <span class='ocrx_word' id='word_1_16' title='bbox 1405 541 1515 609; x_wconf 72' lang='lat' dir='ltr'>cupra</span> 
     </span>
     <span class='ocr_line' id='line_1_3' title="bbox 392 619 1417 696; baseline -0.005 -7"><span class='ocrx_word' id='word_1_17' title='bbox 392 631 512 690; x_wconf 87' lang='lat' dir='ltr'>eertum</span> <span class='ocrx_word' id='word_1_18' title='bbox 528 622 653 688; x_wconf 91' lang='lat' dir='ltr'>modum</span> <span class='ocrx_word' id='word_1_19' title='bbox 670 621 788 687; x_wconf 86' lang='lat' dir='ltr'>donaro</span> <span class='ocrx_word' id='word_1_20' title='bbox 802 621 942 696; x_wconf 82' lang='lat' dir='ltr'>vetabat,</span> <span class='ocrx_word' id='word_1_21' title='bbox 959 621 1107 688; x_wconf 90' lang='lat' dir='ltr'>donatum</span> <span class='ocrx_word' id='word_1_22' title='bbox 1122 641 1186 684; x_wconf 91' lang='lat' dir='ltr'>non</span> <span class='ocrx_word' id='word_1_23' title='bbox 1200 619 1417 684; x_wconf 73' lang='lat' dir='ltr'>rescindebat</span> 
     </span>
     <span class='ocr_line' id='line_1_4' title="bbox 251 717 1512 807; baseline -0.001 -19"><span class='ocrx_word' id='word_1_24' title='bbox 251 777 255 788; x_wconf 94' lang='lat'>.</span> <span class='ocrx_word' id='word_1_25' title='bbox 364 775 370 786; x_wconf 93' lang='lat'><strong><em>.</em></strong></span> <span class='ocrx_word' id='word_1_26' title='bbox 468 723 489 786; x_wconf 81' lang='lat'>2</span> <span class='ocrx_word' id='word_1_27' title='bbox 524 721 645 787; x_wconf 75' lang='lat' dir='ltr'>Scimus</span> <span class='ocrx_word' id='word_1_28' title='bbox 659 721 744 807; x_wconf 87' lang='lat' dir='ltr'>apud</span> <span class='ocrx_word' id='word_1_29' title='bbox 758 721 917 784; x_wconf 82' lang='lat' dir='ltr'>Romanos</span> <span class='ocrx_word' id='word_1_30' title='bbox 932 717 1220 805; x_wconf 79' lang='lat' dir='ltr'>poetoaTheodoeii</span> <span class='ocrx_word' id='word_1_31' title='bbox 1231 717 1303 806; x_wconf 78' lang='lat' dir='ltr'>lege</span> <span class='ocrx_word' id='word_1_32' title='bbox 1314 717 1512 787; x_wconf 84' lang='lat' dir='ltr'>inductum:</span> 
     </span>
    </p>

    <p class='ocr_par' dir='ltr' id='par_1_3' title="bbox 275 797 1595 1691">
     <span class='ocr_line' id='line_1_5' title="bbox 275 797 1514 906; baseline -0.002 -20"><span class='ocrx_word' id='word_1_33' title='bbox 275 823 280 834; x_wconf 89' lang='grc'><em>“</em></span> <span class='ocrx_word' id='word_1_34' title='bbox 322 797 369 845; x_wconf 50' lang='grc' dir='ltr'>ω’</span> <span class='ocrx_word' id='word_1_35' title='bbox 396 829 432 886; x_wconf 91' lang='lat' dir='ltr'>nt</span> <span class='ocrx_word' id='word_1_36' title='bbox 451 820 479 885; x_wconf 86' lang='lat' dir='ltr'>ni</span> <span class='ocrx_word' id='word_1_37' title='bbox 502 819 577 906; x_wconf 88' lang='lat' dir='ltr'>quid</span> <span class='ocrx_word' id='word_1_38' title='bbox 596 819 650 884; x_wconf 85' lang='lat' dir='ltr'>lex</span> <span class='ocrx_word' id='word_1_39' title='bbox 671 817 867 905; x_wconf 78' lang='lat' dir='ltr'>prohibuerit</span> <span class='ocrx_word' id='word_1_40' title='bbox 882 825 1015 893; x_wconf 87' lang='lat' dir='ltr'>tantum,</span> <span class='ocrx_word' id='word_1_41' title='bbox 1038 837 1101 881; x_wconf 90' lang='lat' dir='ltr'>non</span> <span class='ocrx_word' id='word_1_42' title='bbox 1121 815 1217 882; x_wconf 90' lang='lat' dir='ltr'>etiam</span> <span class='ocrx_word' id='word_1_43' title='bbox 1234 816 1421 902; x_wconf 72' lang='lat' dir='ltr'><strong>specialiter</strong></span> <span class='ocrx_word' id='word_1_44' title='bbox 1435 817 1514 883; x_wconf 56' lang='lat' dir='ltr'>dix-v</span> 
     </span>
     <span class='ocr_line' id='line_1_6' title="bbox 396 913 1514 1002; baseline -0.004 -16"><span class='ocrx_word' id='word_1_45' title='bbox 396 919 457 986; x_wconf 86' lang='lat' dir='ltr'>orit</span> <span class='ocrx_word' id='word_1_46' title='bbox 475 917 584 984; x_wconf 90' lang='lat' dir='ltr'>inutile</span> <span class='ocrx_word' id='word_1_47' title='bbox 605 937 673 982; x_wconf 80' lang='lat' dir='ltr'>esee</span> <span class='ocrx_word' id='word_1_48' title='bbox 694 916 810 983; x_wconf 89' lang='lat' dir='ltr'>debere</span> <span class='ocrx_word' id='word_1_49' title='bbox 826 916 910 1002; x_wconf 90' lang='lat' dir='ltr'>quod</span> <span class='ocrx_word' id='word_1_50' title='bbox 926 923 1037 981; x_wconf 88' lang='lat' dir='ltr'>contra</span> <span class='ocrx_word' id='word_1_51' title='bbox 1051 914 1168 981; x_wconf 82' lang='lat' dir='ltr'>iactum</span> <span class='ocrx_word' id='word_1_52' title='bbox 1184 922 1243 990; x_wconf 84' lang='lat' dir='ltr'>eat,</span> <span class='ocrx_word' id='word_1_53' title='bbox 1264 913 1299 980; x_wconf 90' lang='lat' dir='ltr'>id</span> <span class='ocrx_word' id='word_1_54' title='bbox 1319 915 1433 1002; x_wconf 86' lang='lat' dir='ltr'>ipaum</span> <span class='ocrx_word' id='word_1_55' title='bbox 1456 925 1514 982; x_wconf 58' lang='lat' dir='ltr'>tan</span> 
     </span>
     <span class='ocr_line' id='line_1_7' title="bbox 396 1013 1509 1102; baseline -0.004 -18"><span class='ocrx_word' id='word_1_56' title='bbox 396 1039 468 1084; x_wconf 87' lang='lat' dir='ltr'>men</span> <span class='ocrx_word' id='word_1_57' title='bbox 484 1038 613 1091; x_wconf 71' lang='lat' dir='ltr'>meeum,</span> <span class='ocrx_word' id='word_1_58' title='bbox 629 1013 748 1090; x_wconf 89' lang='lat' dir='ltr'>inutile,</span> <span class='ocrx_word' id='word_1_59' title='bbox 766 1035 803 1079; x_wconf 89' lang='lat' dir='ltr'>ao</span> <span class='ocrx_word' id='word_1_60' title='bbox 819 1036 878 1102; x_wconf 90' lang='lat' dir='ltr'>pro</span> <span class='ocrx_word' id='word_1_61' title='bbox 894 1013 1009 1080; x_wconf 87' lang='lat' dir='ltr'>iniecto</span> <span class='ocrx_word' id='word_1_62' title='bbox 1025 1013 1076 1090; x_wconf 84' lang='lat' dir='ltr'>ait,</span> <span class='ocrx_word' id='word_1_63' title='bbox 1092 1013 1236 1078; x_wconf 86' lang='lat' dir='ltr'>nimirum</span> <span class='ocrx_word' id='word_1_64' title='bbox 1252 1013 1280 1076; x_wconf 81' lang='lat' dir='ltr'>ei</span> <span class='ocrx_word' id='word_1_65' title='bbox 1294 1014 1330 1077; x_wconf 90' lang='lat' dir='ltr'>in</span> <span class='ocrx_word' id='word_1_66' title='bbox 1342 1013 1509 1099; x_wconf 87' lang='lat' dir='ltr'>judicium</span> 
     </span>
     <span class='ocr_line' id='line_1_8' title="bbox 396 1110 1511 1198; baseline -0.003 -16"><span class='ocrx_word' id='word_1_67' title='bbox 396 1137 448 1182; x_wconf 84' lang='lat' dir='ltr'>ree</span> <span class='ocrx_word' id='word_1_68' title='bbox 467 1114 632 1182; x_wconf 74' lang='lat' dir='ltr'>deveniat:</span> <span class='ocrx_word' id='word_1_69' title='bbox 657 1113 713 1180; x_wconf 80' lang='lat' dir='ltr'>ned</span> <span class='ocrx_word' id='word_1_70' title='bbox 734 1113 802 1178; x_wconf 81' lang='lat' dir='ltr'>haeo</span> <span class='ocrx_word' id='word_1_71' title='bbox 823 1111 964 1178; x_wconf 70' lang='lat' dir='ltr'>extento</span> <span class='ocrx_word' id='word_1_72' title='bbox 985 1133 1049 1177; x_wconf 89' lang='lat' dir='ltr'>non</span> <span class='ocrx_word' id='word_1_73' title='bbox 1069 1111 1106 1178; x_wconf 89' lang='lat' dir='ltr'>fit</span> <span class='ocrx_word' id='word_1_74' title='bbox 1127 1133 1168 1177; x_wconf 85' lang='lat' dir='ltr'>ex</span> <span class='ocrx_word' id='word_1_75' title='bbox 1182 1110 1216 1176; x_wconf 79' lang='lat' dir='ltr'>vi</span> <span class='ocrx_word' id='word_1_76' title='bbox 1235 1111 1333 1176; x_wconf 85' lang='lat' dir='ltr'>eoliua</span> <span class='ocrx_word' id='word_1_77' title='bbox 1357 1112 1511 1198; x_wconf 85' lang='lat' dir='ltr'>prohibi·</span> 
     </span>
     <span class='ocr_line' id='line_1_9' title="bbox 396 1198 1595 1299; baseline -0.003 -20"><span class='ocrx_word' id='word_1_78' title='bbox 396 1214 498 1290; x_wconf 86' lang='lat' dir='ltr'>tionis,</span> <span class='ocrx_word' id='word_1_79' title='bbox 524 1213 580 1280; x_wconf 80' lang='lat' dir='ltr'>aed</span> <span class='ocrx_word' id='word_1_80' title='bbox 603 1233 642 1276; x_wconf 88' lang='lat' dir='ltr'>ex</span> <span class='ocrx_word' id='word_1_81' title='bbox 659 1210 690 1276; x_wconf 82' lang='lat' dir='ltr'>vi</span> <span class='ocrx_word' id='word_1_82' title='bbox 707 1231 798 1276; x_wconf 81' lang='lat' dir='ltr'>norm</span> <span class='ocrx_word' id='word_1_83' title='bbox 817 1209 906 1299; x_wconf 83' lang='lat' dir='ltr'>legia,</span> <span class='ocrx_word' id='word_1_84' title='bbox 927 1230 1021 1295; x_wconf 89' lang='lat' dir='ltr'>quam</span> <span class='ocrx_word' id='word_1_85' title='bbox 1045 1209 1100 1274; x_wconf 88' lang='lat' dir='ltr'>alii</span> <span class='ocrx_word' id='word_1_86' title='bbox 1122 1209 1230 1296; x_wconf 85' lang='lat' dir='ltr'>populi</span> <span class='ocrx_word' id='word_1_87' title='bbox 1253 1210 1345 1295; x_wconf 85' lang='lat' dir='ltr'>aequi</span> <span class='ocrx_word' id='word_1_88' title='bbox 1370 1231 1510 1276; x_wconf 66' lang='lat' dir='ltr'>mecona</span> <span class='ocrx_word' id='word_1_89' title='bbox 1594 1198 1595 1253; x_wconf 61' lang='lat' dir='ltr'>i</span> 
     </span>
     <span class='ocr_line' id='line_1_10' title="bbox 395 1307 1595 1395; baseline -0.002 -19"><span class='ocrx_word' id='word_1_90' title='bbox 395 1332 457 1376; x_wconf 89' lang='lat' dir='ltr'>non</span> <span class='ocrx_word' id='word_1_91' title='bbox 473 1310 600 1374; x_wconf 82' lang='lat' dir='ltr'>habent</span> <span class='ocrx_word' id='word_1_92' title='bbox 653 1309 745 1395; x_wconf 80' lang='lat' dir='ltr'>Saepe</span> <span class='ocrx_word' id='word_1_93' title='bbox 765 1308 848 1374; x_wconf 91' lang='lat' dir='ltr'>enim</span> <span class='ocrx_word' id='word_1_94' title='bbox 870 1307 1045 1373; x_wconf 87' lang='lat' dir='ltr'>indecentia</span> <span class='ocrx_word' id='word_1_95' title='bbox 1068 1317 1117 1373; x_wconf 86' lang='lat' dir='ltr'>eet</span> <span class='ocrx_word' id='word_1_96' title='bbox 1132 1307 1287 1394; x_wconf 83' lang='lat' dir='ltr'>majorim</span> <span class='ocrx_word' id='word_1_97' title='bbox 1308 1317 1388 1374; x_wconf 87' lang='lat' dir='ltr'>actu</span> <span class='ocrx_word' id='word_1_98' title='bbox 1406 1330 1507 1395; x_wconf 82' lang='lat' dir='ltr'>quam</span> <span class='ocrx_word' id='word_1_99' title='bbox 1594 1344 1595 1361; x_wconf 36' lang='grc' dir='ltr'><strong>κ</strong></span> 
     </span>
     <span class='ocr_line' id='line_1_11' title="bbox 395 1405 1509 1493; baseline 0 -20"><span class='ocrx_word' id='word_1_100' title='bbox 395 1409 428 1473; x_wconf 92' lang='lat' dir='ltr'>iu</span> <span class='ocrx_word' id='word_1_101' title='bbox 445 1406 621 1472; x_wconf 76' lang='lat' dir='ltr'>effectibus:</span> <span class='ocrx_word' id='word_1_102' title='bbox 647 1410 753 1493; x_wconf 80' lang='lat' dir='ltr'>¹¹saepe</span> <span class='ocrx_word' id='word_1_103' title='bbox 776 1406 871 1472; x_wconf 90' lang='lat' dir='ltr'>etiam</span> <span class='ocrx_word' id='word_1_104' title='bbox 894 1406 1096 1483; x_wconf 87' lang='lat' dir='ltr'>incommoda,</span> <span class='ocrx_word' id='word_1_105' title='bbox 1118 1427 1191 1492; x_wconf 72' lang='lat' dir='ltr'>quie</span> <span class='ocrx_word' id='word_1_106' title='bbox 1210 1405 1433 1472; x_wconf 72' lang='lat' dir='ltr'>rmoimionem</span> <span class='ocrx_word' id='word_1_107' title='bbox 1455 1429 1509 1473; x_wconf 87' lang='lat' dir='ltr'>ee·</span> 
     </span>
     <span class='ocr_line' id='line_1_12' title="bbox 394 1503 1508 1593; baseline 0.001 -23"><span class='ocrx_word' id='word_1_108' title='bbox 394 1513 541 1593; x_wconf 88' lang='lat' dir='ltr'>quuntur,</span> <span class='ocrx_word' id='word_1_109' title='bbox 559 1505 678 1591; x_wconf 90' lang='lat' dir='ltr'>majora</span> <span class='ocrx_word' id='word_1_110' title='bbox 694 1527 788 1592; x_wconf 85' lang='lat' dir='ltr'>quam</span> <span class='ocrx_word' id='word_1_111' title='bbox 804 1503 874 1592; x_wconf 84' lang='lat' dir='ltr'>ipea</span> <span class='ocrx_word' id='word_1_112' title='bbox 888 1503 1070 1582; x_wconf 85' lang='lat' dir='ltr'>indecentia.</span> <span class='ocrx_word' id='word_1_113' title='bbox 1087 1513 1144 1570; x_wconf 92' lang='lat' dir='ltr'>aut</span> <span class='ocrx_word' id='word_1_114' title='bbox 1157 1503 1388 1570; x_wconf 89' lang='lat' dir='ltr'>incommodum</span> <span class='ocrx_word' id='word_1_115' title='bbox 1411 1515 1508 1572; x_wconf 76' lang='lat' dir='ltr'>actum</span> 
     </span>
     <span class='ocr_line' id='line_1_13' title="bbox 394 1625 1595 1691; baseline -0.002 -21"><span class='ocrx_word' id='word_1_116' title='bbox 394 1625 499 1690; x_wconf 80' lang='lat' dir='ltr'>ipsius.</span> <span class='ocrx_word' id='word_1_117' title='bbox 1594 1688 1595 1691; x_wconf 8' lang='grc' dir='ltr'><strong>Ἴ</strong></span> 
     </span>
    </p>

    <p class='ocr_par' dir='ltr' id='par_1_4' title="bbox 471 1698 1507 1788">
     <span class='ocr_line' id='line_1_14' title="bbox 471 1698 1507 1788; baseline 0.003 -21"><span class='ocrx_word' id='word_1_118' title='bbox 471 1703 576 1770; x_wconf 86' lang='lat' dir='ltr'>XVII.</span> <span class='ocrx_word' id='word_1_119' title='bbox 629 1700 879 1768; x_wconf 80' lang='lat' dir='ltr'>Conmoiationee</span> <span class='ocrx_word' id='word_1_120' title='bbox 903 1709 1022 1788; x_wconf 75' lang='lat' dir='ltr'>prater</span> <span class='ocrx_word' id='word_1_121' title='bbox 1046 1703 1127 1767; x_wconf 84' lang='lat' dir='ltr'>hanc</span> <span class='ocrx_word' id='word_1_122' title='bbox 1155 1698 1289 1767; x_wconf 87' lang='lat' dir='ltr'>maxime</span> <span class='ocrx_word' id='word_1_123' title='bbox 1316 1702 1507 1770; x_wconf 57' lang='lat' dir='ltr'>naturam</span> 
     </span>
    </p>

    <p class='ocr_par' dir='ltr' id='par_1_5' title="bbox 395 1799 1506 1887">
     <span class='ocr_line' id='line_1_15' title="bbox 395 1799 1506 1887; baseline 0 -19"><span class='ocrx_word' id='word_1_124' title='bbox 395 1809 467 1868; x_wconf 82' lang='lat' dir='ltr'>eunt</span> <span class='ocrx_word' id='word_1_125' title='bbox 483 1811 516 1868; x_wconf 89' lang='lat' dir='ltr'>et</span> <span class='ocrx_word' id='word_1_126' title='bbox 531 1801 610 1879; x_wconf 84' lang='lat' dir='ltr'>alim,</span> <span class='ocrx_word' id='word_1_127' title='bbox 631 1808 699 1866; x_wconf 90' lang='lat' dir='ltr'>tum</span> <span class='ocrx_word' id='word_1_128' title='bbox 715 1799 857 1887; x_wconf 80' lang='lat' dir='ltr'>privata,</span> <span class='ocrx_word' id='word_1_129' title='bbox 873 1808 941 1866; x_wconf 92' lang='lat' dir='ltr'>tum</span> <span class='ocrx_word' id='word_1_130' title='bbox 957 1799 1106 1887; x_wconf 73' lang='lat' dir='ltr'>publicae</span> <span class='ocrx_word' id='word_1_131' title='bbox 1130 1808 1165 1866; x_wconf 90' lang='lat' dir='ltr'>et</span> <span class='ocrx_word' id='word_1_132' title='bbox 1183 1800 1235 1864; x_wconf 81' lang='lat' dir='ltr'>hae</span> <span class='ocrx_word' id='word_1_133' title='bbox 1248 1799 1377 1885; x_wconf 86' lang='lat' dir='ltr'>quidem</span> <span class='ocrx_word' id='word_1_134' title='bbox 1392 1813 1457 1867; x_wconf 88' lang='lat' dir='ltr'>aut</span> <span class='ocrx_word' id='word_1_135' title='bbox 1468 1802 1506 1868; x_wconf 83' lang='lat' dir='ltr'>im</span> 
     </span>
    </p>

    <p class='ocr_par' dir='ltr' id='par_1_6' title="bbox 394 1897 1506 1988">
     <span class='ocr_line' id='line_1_16' title="bbox 394 1897 1506 1988; baseline -0.003 -23"><span class='ocrx_word' id='word_1_136' title='bbox 394 1900 552 1988; x_wconf 86' lang='lat' dir='ltr'>populum,</span> <span class='ocrx_word' id='word_1_137' title='bbox 569 1910 625 1967; x_wconf 90' lang='lat' dir='ltr'>aut</span> <span class='ocrx_word' id='word_1_138' title='bbox 639 1921 679 1964; x_wconf 87' lang='lat' dir='ltr'>ex</span> <span class='ocrx_word' id='word_1_139' title='bbox 695 1897 825 1986; x_wconf 75' lang='lat' dir='ltr'>populis„</span> <span class='ocrx_word' id='word_1_140' title='bbox 867 1897 998 1964; x_wconf 84' lang='lat' dir='ltr'>Habent</span> <span class='ocrx_word' id='word_1_141' title='bbox 1012 1907 1116 1963; x_wconf 88' lang='lat' dir='ltr'>autem</span> <span class='ocrx_word' id='word_1_142' title='bbox 1131 1918 1238 1963; x_wconf 86' lang='lat' dir='ltr'>omnea</span> <span class='ocrx_word' id='word_1_143' title='bbox 1249 1898 1310 1963; x_wconf 91' lang='lat' dir='ltr'>hoc</span> <span class='ocrx_word' id='word_1_144' title='bbox 1321 1919 1506 1978; x_wconf 84' lang='lat' dir='ltr'>commune,</span> 
     </span>
    </p>

    <p class='ocr_par' dir='ltr' id='par_1_7' title="bbox 395 1994 1504 2084">
     <span class='ocr_line' id='line_1_17' title="bbox 395 1994 1504 2084; baseline -0.002 -20"><span class='ocrx_word' id='word_1_145' title='bbox 395 2000 479 2084; x_wconf 89' lang='lat' dir='ltr'>quod</span> <span class='ocrx_word' id='word_1_146' title='bbox 505 1999 538 2064; x_wconf 92' lang='lat' dir='ltr'>in</span> <span class='ocrx_word' id='word_1_147' title='bbox 564 1998 602 2064; x_wconf 85' lang='lat' dir='ltr'>iie</span> <span class='ocrx_word' id='word_1_148' title='bbox 626 1997 719 2063; x_wconf 81' lang='lat' dir='ltr'>robus</span> <span class='ocrx_word' id='word_1_149' title='bbox 744 1995 784 2061; x_wconf 91' lang='lat' dir='ltr'>ob</span> <span class='ocrx_word' id='word_1_150' title='bbox 802 2017 880 2082; x_wconf 82' lang='lat' dir='ltr'>quas</span> <span class='ocrx_word' id='word_1_151' title='bbox 905 1994 1089 2061; x_wconf 76' lang='lat' dir='ltr'>consociatio</span> <span class='ocrx_word' id='word_1_152' title='bbox 1111 2017 1243 2082; x_wconf 80' lang='lat' dir='ltr'>quoeque</span> <span class='ocrx_word' id='word_1_153' title='bbox 1267 1995 1418 2062; x_wconf 77' lang='lat' dir='ltr'>instituta</span> <span class='ocrx_word' id='word_1_154' title='bbox 1440 2008 1504 2074; x_wconf 81' lang='lat' dir='ltr'>eat,</span> 
     </span>
    </p>

    <p class='ocr_par' dir='ltr' id='par_1_8' title="bbox 394 2092 1502 2184">
     <span class='ocr_line' id='line_1_18' title="bbox 394 2092 1502 2184; baseline -0.001 -23"><span class='ocrx_word' id='word_1_155' title='bbox 394 2096 588 2172; x_wconf 82' lang='lat' dir='ltr'>universitas,</span> <span class='ocrx_word' id='word_1_156' title='bbox 612 2105 645 2161; x_wconf 88' lang='lat' dir='ltr'>et</span> <span class='ocrx_word' id='word_1_157' title='bbox 666 2094 732 2180; x_wconf 87' lang='lat' dir='ltr'>ejua</span> <span class='ocrx_word' id='word_1_158' title='bbox 754 2116 828 2181; x_wconf 86' lang='lat' dir='ltr'>pars</span> <span class='ocrx_word' id='word_1_159' title='bbox 847 2092 945 2179; x_wconf 88' lang='lat' dir='ltr'>major</span> <span class='ocrx_word' id='word_1_160' title='bbox 970 2093 1094 2159; x_wconf 90' lang='lat' dir='ltr'>nomine</span> <span class='ocrx_word' id='word_1_161' title='bbox 1116 2093 1326 2159; x_wconf 76' lang='lat' dir='ltr'>universitatis</span> <span class='ocrx_word' id='word_1_162' title='bbox 1353 2095 1502 2184; x_wconf 76' lang='lat' dir='ltr'>obligant</span> 
     </span>
    </p>

    <p class='ocr_par' dir='ltr' id='par_1_9' title="bbox 231 2191 1595 2376">
     <span class='ocr_line' id='line_1_19' title="bbox 231 2191 1501 2280; baseline 0.003 -23"><span class='ocrx_word' id='word_1_163' title='bbox 231 2191 372 2276; x_wconf 52' lang='lat' dir='ltr'>{sigffi&#39;ffst</span> <span class='ocrx_word' id='word_1_164' title='bbox 394 2193 532 2280; x_wconf 79' lang='lat' dir='ltr'>singulos</span> <span class='ocrx_word' id='word_1_165' title='bbox 548 2193 601 2277; x_wconf 91' lang='lat' dir='ltr'>qui</span> <span class='ocrx_word' id='word_1_166' title='bbox 618 2203 690 2258; x_wconf 85' lang='lat' dir='ltr'>sunt</span> <span class='ocrx_word' id='word_1_167' title='bbox 707 2192 739 2256; x_wconf 92' lang='lat' dir='ltr'>in</span> <span class='ocrx_word' id='word_1_168' title='bbox 756 2193 911 2258; x_wconf 79' lang='lat' dir='ltr'>societate.</span> <span class='ocrx_word' id='word_1_169' title='bbox 963 2191 1099 2257; x_wconf 87' lang='lat' dir='ltr'>Omnino</span> <span class='ocrx_word' id='word_1_170' title='bbox 1115 2191 1197 2257; x_wconf 91' lang='lat' dir='ltr'>enim</span> <span class='ocrx_word' id='word_1_171' title='bbox 1217 2213 1256 2256; x_wconf 88' lang='lat' dir='ltr'>ea</span> <span class='ocrx_word' id='word_1_172' title='bbox 1271 2192 1435 2258; x_wconf 88' lang='lat' dir='ltr'>credenda</span> <span class='ocrx_word' id='word_1_173' title='bbox 1451 2204 1501 2261; x_wconf 79' lang='lat' dir='ltr'>eet</span> 
     </span>
     <span class='ocr_line' id='line_1_20' title="bbox 393 2289 1595 2376; baseline 0.003 -22"><span class='ocrx_word' id='word_1_174' title='bbox 393 2289 487 2354; x_wconf 81' lang='lat' dir='ltr'>inisse</span> <span class='ocrx_word' id='word_1_175' title='bbox 504 2290 647 2354; x_wconf 78' lang='lat' dir='ltr'>voluutas</span> <span class='ocrx_word' id='word_1_176' title='bbox 668 2291 702 2355; x_wconf 90' lang='lat' dir='ltr'>in</span> <span class='ocrx_word' id='word_1_177' title='bbox 723 2289 901 2356; x_wconf 73' lang='lat' dir='ltr'>societatem</span> <span class='ocrx_word' id='word_1_178' title='bbox 923 2290 1107 2366; x_wconf 88' lang='lat' dir='ltr'>coeuntium,</span> <span class='ocrx_word' id='word_1_179' title='bbox 1130 2298 1167 2355; x_wconf 90' lang='lat' dir='ltr'>nt</span> <span class='ocrx_word' id='word_1_180' title='bbox 1185 2289 1267 2354; x_wconf 92' lang='lat' dir='ltr'>ratio</span> <span class='ocrx_word' id='word_1_181' title='bbox 1286 2289 1396 2376; x_wconf 86' lang='lat' dir='ltr'>aliqua</span> <span class='ocrx_word' id='word_1_182' title='bbox 1414 2301 1502 2358; x_wconf 81' lang='lat' dir='ltr'>emet</span> <span class='ocrx_word' id='word_1_183' title='bbox 1594 2362 1595 2375; x_wconf 11' lang='grc' dir='ltr'>χ</span> 
     </span>
    </p>

    <p class='ocr_par' dir='ltr' id='par_1_10' title="bbox 394 2385 1502 2476">
     <span class='ocr_line' id='line_1_21' title="bbox 394 2385 1502 2476; baseline 0.004 -25"><span class='ocrx_word' id='word_1_184' title='bbox 394 2385 579 2472; x_wconf 87' lang='lat' dir='ltr'>expediendi</span> <span class='ocrx_word' id='word_1_185' title='bbox 605 2386 749 2473; x_wconf 88' lang='lat' dir='ltr'>negotia:</span> <span class='ocrx_word' id='word_1_186' title='bbox 785 2394 834 2451; x_wconf 86' lang='lat' dir='ltr'>eat</span> <span class='ocrx_word' id='word_1_187' title='bbox 858 2396 963 2454; x_wconf 84' lang='lat' dir='ltr'>autem</span> <span class='ocrx_word' id='word_1_188' title='bbox 987 2387 1149 2453; x_wconf 77' lang='lat' dir='ltr'>manifeste</span> <span class='ocrx_word' id='word_1_189' title='bbox 1175 2387 1324 2473; x_wconf 89' lang='lat' dir='ltr'>iniquum,</span> <span class='ocrx_word' id='word_1_190' title='bbox 1354 2397 1393 2454; x_wconf 91' lang='lat' dir='ltr'>ut</span> <span class='ocrx_word' id='word_1_191' title='bbox 1421 2411 1502 2476; x_wconf 82' lang='lat' dir='ltr'>para</span> 
     </span>
    </p>

    <p class='ocr_par' dir='ltr' id='par_1_11' title="bbox 394 2483 1501 2575">
     <span class='ocr_line' id='line_1_22' title="bbox 394 2483 1501 2575; baseline 0.005 -28"><span class='ocrx_word' id='word_1_192' title='bbox 394 2483 494 2571; x_wconf 88' lang='lat' dir='ltr'>major</span> <span class='ocrx_word' id='word_1_193' title='bbox 514 2492 666 2570; x_wconf 85' lang='lat' dir='ltr'>aequatur</span> <span class='ocrx_word' id='word_1_194' title='bbox 688 2483 857 2549; x_wconf 84' lang='lat' dir='ltr'>minorem:</span> <span class='ocrx_word' id='word_1_195' title='bbox 881 2507 981 2573; x_wconf 85' lang='lat' dir='ltr'>quare</span> <span class='ocrx_word' id='word_1_196' title='bbox 1006 2485 1202 2563; x_wconf 76' lang='lat' dir='ltr'>naturaliter,</span> <span class='ocrx_word' id='word_1_197' title='bbox 1227 2486 1375 2551; x_wconf 82' lang='lat' dir='ltr'>¹aecluaia</span> <span class='ocrx_word' id='word_1_198' title='bbox 1396 2489 1501 2575; x_wconf 70' lang='lat' dir='ltr'>pectis</span> 
     </span>
    </p>

    <p class='ocr_par' dir='ltr' id='par_1_12' title="bbox 392 2581 1502 2675">
     <span class='ocr_line' id='line_1_23' title="bbox 392 2581 1502 2675; baseline -0.001 -24"><span class='ocrx_word' id='word_1_199' title='bbox 392 2581 580 2671; x_wconf 73' lang='lat' dir='ltr'>tolegium,</span> <span class='ocrx_word' id='word_1_200' title='bbox 611 2603 681 2668; x_wconf 82' lang='lat' dir='ltr'>quae</span> <span class='ocrx_word' id='word_1_201' title='bbox 709 2582 843 2648; x_wconf 83' lang='lat' dir='ltr'>formam</span> <span class='ocrx_word' id='word_1_202' title='bbox 869 2586 1041 2651; x_wconf 72' lang='lat' dir='ltr'>tractandis</span> <span class='ocrx_word' id='word_1_203' title='bbox 1062 2586 1195 2675; x_wconf 78' lang='lat' dir='ltr'>negotiis</span> <span class='ocrx_word' id='word_1_204' title='bbox 1218 2584 1394 2672; x_wconf 87' lang='lat' dir='ltr'>imponunt,</span> <span class='ocrx_word' id='word_1_205' title='bbox 1422 2609 1502 2674; x_wconf 74' lang='lat' dir='ltr'>pam</span> 
     </span>
    </p>
   </div>
   <div class='ocr_carea' id='block_1_3' title="bbox 391 2756 1594 3199">
    <p class='ocr_par' dir='ltr' id='par_1_13' title="bbox 391 2756 1594 3199">
     <span class='ocr_line' id='line_1_24' title="bbox 436 2756 1502 2822; baseline 0.008 -16"><span class='ocrx_word' id='word_1_206' title='bbox 436 2756 919 2820; x_wconf 59' lang='lat' dir='ltr'>&#39;Soepeetiominecmdaouaemcia</span> <span class='ocrx_word' id='word_1_207' title='bbox 966 2760 1366 2821; x_wconf 75' lang='lat' dir='ltr'>etmbmhotheecnpollodom.</span> <span class='ocrx_word' id='word_1_208' title='bbox 1396 2763 1502 2822; x_wconf 67' lang='lat' dir='ltr'>(Lini.</span> 
     </span>
     <span class='ocr_line' id='line_1_25' title="bbox 391 2832 1118 2896; baseline -0.008 -11"><span class='ocrx_word' id='word_1_209' title='bbox 391 2833 918 2896; x_wconf 54' lang='lat' dir='ltr'>emamanormajoraqmimtn-</span> <span class='ocrx_word' id='word_1_210' title='bbox 967 2833 1022 2880; x_wconf 67' lang='lat' dir='ltr'>ct.</span> <span class='ocrx_word' id='word_1_211' title='bbox 1037 2832 1118 2892; x_wconf 66' lang='grc' dir='ltr'>Μ.)</span> 
     </span>
     <span class='ocr_line' id='line_1_26' title="bbox 391 2908 1594 2973; baseline -0.002 -14"><span class='ocrx_word' id='word_1_212' title='bbox 391 2910 507 2973; x_wconf 69' lang='lat' dir='ltr'>deeenfio]</span> <span class='ocrx_word' id='word_1_213' title='bbox 533 2912 592 2958; x_wconf 94' lang='lat' dir='ltr'>Ideo</span> <span class='ocrx_word' id='word_1_214' title='bbox 610 2924 653 2956; x_wconf 82' lang='lat' dir='ltr'>rex</span> <span class='ocrx_word' id='word_1_215' title='bbox 673 2909 790 2956; x_wconf 73' lang='lat' dir='ltr'>ninnium</span> <span class='ocrx_word' id='word_1_216' title='bbox 806 2909 918 2956; x_wconf 78' lang='lat' dir='ltr'>Medeam</span> <span class='ocrx_word' id='word_1_217' title='bbox 1010 2916 1023 2940; x_wconf 81' lang='lat'><em>¹</em></span> <span class='ocrx_word' id='word_1_218' title='bbox 1038 2908 1379 2972; x_wconf 51' lang='lat' dir='ltr'>sammonicum]</span> <span class='ocrx_word' id='word_1_219' title='bbox 1394 2912 1503 2972; x_wconf 71' lang='lat' dir='ltr'>thu</span> <span class='ocrx_word' id='word_1_220' title='bbox 1593 2965 1594 2972; x_wconf 10' lang='grc' dir='ltr'>ἵ</span> 
     </span>
     <span class='ocr_line' id='line_1_27' title="bbox 391 2980 1503 3045; baseline -0.001 -12"><span class='ocrx_word' id='word_1_221' title='bbox 391 2987 459 3033; x_wconf 80' lang='lat' dir='ltr'>reddi</span> <span class='ocrx_word' id='word_1_222' title='bbox 469 2986 565 3033; x_wconf 82' lang='lat' dir='ltr'>volebat</span> <span class='ocrx_word' id='word_1_223' title='bbox 574 2985 645 3045; x_wconf 82' lang='lat' dir='ltr'>patri,</span> <span class='ocrx_word' id='word_1_224' title='bbox 655 2984 675 3030; x_wconf 82' lang='lat' dir='ltr'>ei</span> <span class='ocrx_word' id='word_1_225' title='bbox 685 2984 801 3030; x_wconf 73' lang='lat' dir='ltr'>deflorata</span> <span class='ocrx_word' id='word_1_226' title='bbox 810 2984 917 3031; x_wconf 84' lang='lat' dir='ltr'>noudum</span> <span class='ocrx_word' id='word_1_227' title='bbox 966 2980 1052 3027; x_wconf 80' lang='lat' dir='ltr'>volunt</span> <span class='ocrx_word' id='word_1_228' title='bbox 1064 2982 1125 3027; x_wconf 81' lang='lat' dir='ltr'>duaa</span> <span class='ocrx_word' id='word_1_229' title='bbox 1135 2987 1216 3042; x_wconf 73' lang='lat' dir='ltr'>perte·</span> <span class='ocrx_word' id='word_1_230' title='bbox 1229 2984 1386 3042; x_wconf 79' lang='lat' dir='ltr'>concordare,</span> <span class='ocrx_word' id='word_1_231' title='bbox 1400 2990 1432 3031; x_wconf 86' lang='lat' dir='ltr'>ut</span> <span class='ocrx_word' id='word_1_232' title='bbox 1441 3001 1467 3034; x_wconf 91' lang='lat' dir='ltr'>e.</span> <span class='ocrx_word' id='word_1_233' title='bbox 1475 2988 1503 3043; x_wconf 81' lang='grc'>6,</span> 
     </span>
     <span class='ocr_line' id='line_1_28' title="bbox 391 3053 1134 3119; baseline -0.005 -14"><span class='ocrx_word' id='word_1_234' title='bbox 391 3065 461 3107; x_wconf 72' lang='lat' dir='ltr'>earet.</span> <span class='ocrx_word' id='word_1_235' title='bbox 482 3060 593 3106; x_wconf 86' lang='lat' dir='ltr'>Meminit</span> <span class='ocrx_word' id='word_1_236' title='bbox 603 3058 747 3119; x_wconf 78' lang='lat' dir='ltr'>Apollonion</span> <span class='ocrx_word' id='word_1_237' title='bbox 760 3056 917 3115; x_wconf 64' lang='lat' dir='ltr'>Argonauta,</span> <span class='ocrx_word' id='word_1_238' title='bbox 966 3053 1134 3102; x_wconf 78' lang='lat' dir='ltr'>chlectionc.</span> 
     </span>
     <span class='ocr_line' id='line_1_29' title="bbox 391 3130 1502 3199; baseline -0.001 -18"><span class='ocrx_word' id='word_1_239' title='bbox 391 3130 915 3195; x_wconf 77' lang='lat' dir='ltr'>(rere.1316,eteeqq.)etejuescholiuteez</span> <span class='ocrx_word' id='word_1_240' title='bbox 1009 3130 1109 3190; x_wconf 74' lang='lat' dir='ltr'>tQuod</span> <span class='ocrx_word' id='word_1_241' title='bbox 1122 3130 1236 3190; x_wconf 67' lang='lat' dir='ltr'>placitae</span> <span class='ocrx_word' id='word_1_242' title='bbox 1253 3133 1331 3179; x_wconf 65' lang='lat' dir='ltr'>eim</span> <span class='ocrx_word' id='word_1_243' title='bbox 1348 3132 1380 3180; x_wconf 73' lang='lat' dir='ltr'>id</span> <span class='ocrx_word' id='word_1_244' title='bbox 1398 3134 1502 3199; x_wconf 72' lang='lat' dir='ltr'>cnlml</span> 
     </span>
    </p>
   </div>
   <div class='ocr_carea' id='block_1_4' title="bbox 389 3408 1591 4228">
    <p class='ocr_par' dir='ltr' id='par_1_14' title="bbox 389 3408 1591 4228">
     <span class='ocr_line' id='line_1_30' title="bbox 449 3408 1498 3476; baseline 0 -10"><span class='ocrx_word' id='word_1_245' title='bbox 449 3418 466 3466; x_wconf 86' lang='lat'>2</span> <span class='ocrx_word' id='word_1_246' title='bbox 492 3410 661 3467; x_wconf 68' lang='lat' dir='ltr'>itamaros</span> <span class='ocrx_word' id='word_1_247' title='bbox 672 3411 753 3467; x_wconf 88' lang='lat' dir='ltr'>there</span> <span class='ocrx_word' id='word_1_248' title='bbox 768 3427 823 3466; x_wconf 79' lang='lat' dir='ltr'>wau</span> <span class='ocrx_word' id='word_1_249' title='bbox 837 3428 856 3465; x_wconf 89' lang='lat' dir='ltr'>a</span> <span class='ocrx_word' id='word_1_250' title='bbox 868 3410 922 3465; x_wconf 74' lang='lat' dir='ltr'>law</span> <span class='ocrx_word' id='word_1_251' title='bbox 936 3410 970 3465; x_wconf 86' lang='lat' dir='ltr'>of</span> <span class='ocrx_word' id='word_1_252' title='bbox 978 3409 1151 3465; x_wconf 73' lang='lat' dir='ltr'>Theodosius</span> <span class='ocrx_word' id='word_1_253' title='bbox 1164 3408 1257 3476; x_wconf 87' lang='lat' dir='ltr'>mode,</span> <span class='ocrx_word' id='word_1_254' title='bbox 1270 3409 1334 3465; x_wconf 82' lang='lat' dir='ltr'>that</span> <span class='ocrx_word' id='word_1_255' title='bbox 1343 3411 1369 3464; x_wconf 85' lang='lat' dir='ltr'>if</span> <span class='ocrx_word' id='word_1_256' title='bbox 1377 3410 1429 3466; x_wconf 89' lang='lat' dir='ltr'>the</span> <span class='ocrx_word' id='word_1_257' title='bbox 1442 3413 1498 3468; x_wconf 70' lang='lat' dir='ltr'>lav</span> 
     </span>
     <span class='ocr_line' id='line_1_31' title="bbox 390 3494 1498 3569; baseline 0.001 -17"><span class='ocrx_word' id='word_1_258' title='bbox 390 3497 448 3552; x_wconf 87' lang='lat' dir='ltr'>had</span> <span class='ocrx_word' id='word_1_259' title='bbox 459 3498 526 3569; x_wconf 81' lang='lat' dir='ltr'>only</span> <span class='ocrx_word' id='word_1_260' title='bbox 540 3497 701 3569; x_wconf 88' lang='lat' dir='ltr'>prohibited</span> <span class='ocrx_word' id='word_1_261' title='bbox 712 3514 730 3551; x_wconf 90' lang='lat' dir='ltr'>a</span> <span class='ocrx_word' id='word_1_262' title='bbox 744 3497 833 3568; x_wconf 77' lang='lat' dir='ltr'>thing,</span> <span class='ocrx_word' id='word_1_263' title='bbox 846 3496 903 3550; x_wconf 84' lang='lat' dir='ltr'>end</span> <span class='ocrx_word' id='word_1_264' title='bbox 914 3495 971 3549; x_wconf 87' lang='lat' dir='ltr'>had</span> <span class='ocrx_word' id='word_1_265' title='bbox 985 3501 1035 3550; x_wconf 89' lang='lat' dir='ltr'>not</span> <span class='ocrx_word' id='word_1_266' title='bbox 1048 3495 1182 3567; x_wconf 78' lang='lat' dir='ltr'>specially</span> <span class='ocrx_word' id='word_1_267' title='bbox 1194 3496 1256 3550; x_wconf 83' lang='lat' dir='ltr'>naid</span> <span class='ocrx_word' id='word_1_268' title='bbox 1266 3494 1332 3551; x_wconf 81' lang='lat' dir='ltr'>that</span> <span class='ocrx_word' id='word_1_269' title='bbox 1344 3494 1423 3551; x_wconf 76' lang='lat' dir='ltr'>what</span> <span class='ocrx_word' id='word_1_270' title='bbox 1438 3516 1498 3553; x_wconf 70' lang='lat' dir='ltr'>vae</span> 
     </span>
     <span class='ocr_line' id='line_1_32' title="bbox 391 3580 1497 3653; baseline 0.001 -16"><span class='ocrx_word' id='word_1_271' title='bbox 391 3584 465 3637; x_wconf 90' lang='lat' dir='ltr'>done</span> <span class='ocrx_word' id='word_1_272' title='bbox 480 3583 510 3635; x_wconf 90' lang='lat' dir='ltr'>in</span> <span class='ocrx_word' id='word_1_273' title='bbox 524 3582 728 3637; x_wconf 81' lang='lat' dir='ltr'>contradiction</span> <span class='ocrx_word' id='word_1_274' title='bbox 748 3583 782 3637; x_wconf 84' lang='lat' dir='ltr'>of</span> <span class='ocrx_word' id='word_1_275' title='bbox 796 3583 820 3635; x_wconf 89' lang='lat' dir='ltr'>it</span> <span class='ocrx_word' id='word_1_276' title='bbox 835 3598 889 3636; x_wconf 83' lang='lat' dir='ltr'>wau</span> <span class='ocrx_word' id='word_1_277' title='bbox 904 3580 977 3646; x_wconf 79' lang='lat' dir='ltr'>void,</span> <span class='ocrx_word' id='word_1_278' title='bbox 992 3588 1040 3653; x_wconf 77' lang='lat' dir='ltr'>yet</span> <span class='ocrx_word' id='word_1_279' title='bbox 1056 3581 1120 3636; x_wconf 90' lang='lat' dir='ltr'>that</span> <span class='ocrx_word' id='word_1_280' title='bbox 1133 3581 1182 3635; x_wconf 92' lang='lat' dir='ltr'>the</span> <span class='ocrx_word' id='word_1_281' title='bbox 1199 3580 1281 3652; x_wconf 82' lang='lat' dir='ltr'>thing</span> <span class='ocrx_word' id='word_1_282' title='bbox 1297 3596 1330 3636; x_wconf 85' lang='lat' dir='ltr'>ao</span> <span class='ocrx_word' id='word_1_283' title='bbox 1345 3581 1421 3637; x_wconf 88' lang='lat' dir='ltr'>done</span> <span class='ocrx_word' id='word_1_284' title='bbox 1436 3600 1497 3638; x_wconf 74' lang='lat' dir='ltr'>vae</span> 
     </span>
     <span class='ocr_line' id='line_1_33' title="bbox 390 3666 1497 3731; baseline 0.002 -10"><span class='ocrx_word' id='word_1_285' title='bbox 390 3668 459 3729; x_wconf 88' lang='lat' dir='ltr'>null,</span> <span class='ocrx_word' id='word_1_286' title='bbox 474 3666 547 3731; x_wconf 85' lang='lat' dir='ltr'>void,</span> <span class='ocrx_word' id='word_1_287' title='bbox 565 3668 620 3720; x_wconf 88' lang='lat' dir='ltr'>and</span> <span class='ocrx_word' id='word_1_288' title='bbox 637 3667 670 3720; x_wconf 83' lang='lat' dir='ltr'>of</span> <span class='ocrx_word' id='word_1_289' title='bbox 687 3683 725 3720; x_wconf 89' lang='lat' dir='ltr'>no</span> <span class='ocrx_word' id='word_1_290' title='bbox 739 3667 840 3731; x_wconf 78' lang='lat' dir='ltr'>eii‘eot3</span> <span class='ocrx_word' id='word_1_291' title='bbox 862 3666 924 3721; x_wconf 89' lang='lat' dir='ltr'>that</span> <span class='ocrx_word' id='word_1_292' title='bbox 938 3667 971 3731; x_wconf 83' lang='lat' dir='ltr'>ie,</span> <span class='ocrx_word' id='word_1_293' title='bbox 986 3666 1012 3719; x_wconf 84' lang='lat' dir='ltr'>if</span> <span class='ocrx_word' id='word_1_294' title='bbox 1023 3666 1072 3721; x_wconf 88' lang='lat' dir='ltr'>the</span> <span class='ocrx_word' id='word_1_295' title='bbox 1086 3672 1190 3720; x_wconf 86' lang='lat' dir='ltr'>matter</span> <span class='ocrx_word' id='word_1_296' title='bbox 1208 3682 1287 3721; x_wconf 87' lang='lat' dir='ltr'>came</span> <span class='ocrx_word' id='word_1_297' title='bbox 1301 3666 1362 3720; x_wconf 90' lang='lat' dir='ltr'>into</span> <span class='ocrx_word' id='word_1_298' title='bbox 1376 3684 1396 3720; x_wconf 91' lang='lat' dir='ltr'>a</span> <span class='ocrx_word' id='word_1_299' title='bbox 1410 3677 1497 3723; x_wconf 85' lang='lat' dir='ltr'>court</span> 
     </span>
     <span class='ocr_line' id='line_1_34' title="bbox 390 3749 1501 3823; baseline 0.005 -20"><span class='ocrx_word' id='word_1_300' title='bbox 390 3751 424 3803; x_wconf 83' lang='lat' dir='ltr'>of</span> <span class='ocrx_word' id='word_1_301' title='bbox 430 3750 542 3818; x_wconf 82' lang='lat' dir='ltr'>justice.</span> <span class='ocrx_word' id='word_1_302' title='bbox 577 3752 634 3804; x_wconf 92' lang='lat' dir='ltr'>But</span> <span class='ocrx_word' id='word_1_303' title='bbox 648 3749 704 3804; x_wconf 87' lang='lat' dir='ltr'>thie</span> <span class='ocrx_word' id='word_1_304' title='bbox 716 3767 771 3805; x_wconf 84' lang='lat' dir='ltr'>wau</span> <span class='ocrx_word' id='word_1_305' title='bbox 784 3757 837 3805; x_wconf 92' lang='lat' dir='ltr'>not</span> <span class='ocrx_word' id='word_1_306' title='bbox 851 3752 881 3805; x_wconf 92' lang='lat' dir='ltr'>in</span> <span class='ocrx_word' id='word_1_307' title='bbox 895 3752 985 3807; x_wconf 85' lang='lat' dir='ltr'>virtue</span> <span class='ocrx_word' id='word_1_308' title='bbox 1000 3752 1033 3806; x_wconf 84' lang='lat' dir='ltr'>of</span> <span class='ocrx_word' id='word_1_309' title='bbox 1043 3750 1093 3806; x_wconf 91' lang='lat' dir='ltr'>the</span> <span class='ocrx_word' id='word_1_310' title='bbox 1106 3750 1279 3823; x_wconf 87' lang='lat' dir='ltr'>prohibition</span> <span class='ocrx_word' id='word_1_311' title='bbox 1290 3751 1382 3816; x_wconf 82' lang='lat' dir='ltr'>nlone,</span> <span class='ocrx_word' id='word_1_312' title='bbox 1396 3752 1453 3807; x_wconf 89' lang='lat' dir='ltr'>but</span> <span class='ocrx_word' id='word_1_313' title='bbox 1464 3752 1501 3808; x_wconf 79' lang='lat' dir='ltr'>of</span> 
     </span>
     <span class='ocr_line' id='line_1_35' title="bbox 390 3833 1591 3896; baseline 0.003 -11"><span class='ocrx_word' id='word_1_314' title='bbox 390 3833 440 3886; x_wconf 86' lang='lat' dir='ltr'>the</span> <span class='ocrx_word' id='word_1_315' title='bbox 451 3848 513 3884; x_wconf 79' lang='lat' dir='ltr'>new</span> <span class='ocrx_word' id='word_1_316' title='bbox 527 3834 608 3896; x_wconf 62' lang='lat' dir='ltr'>Lanu</span> <span class='ocrx_word' id='word_1_317' title='bbox 624 3834 680 3886; x_wconf 83' lang='lat' dir='ltr'>and</span> <span class='ocrx_word' id='word_1_318' title='bbox 691 3834 761 3887; x_wconf 85' lang='lat' dir='ltr'>euoh</span> <span class='ocrx_word' id='word_1_319' title='bbox 775 3852 793 3889; x_wconf 82' lang='lat' dir='ltr'>a</span> <span class='ocrx_word' id='word_1_320' title='bbox 807 3836 869 3891; x_wconf 82' lang='lat' dir='ltr'>mle</span> <span class='ocrx_word' id='word_1_321' title='bbox 883 3836 965 3891; x_wconf 91' lang='lat' dir='ltr'>other</span> <span class='ocrx_word' id='word_1_322' title='bbox 979 3837 1090 3891; x_wconf 81' lang='lat' dir='ltr'>natione</span> <span class='ocrx_word' id='word_1_323' title='bbox 1104 3853 1153 3891; x_wconf 87' lang='lat' dir='ltr'>are</span> <span class='ocrx_word' id='word_1_324' title='bbox 1166 3841 1217 3890; x_wconf 89' lang='lat' dir='ltr'>not</span> <span class='ocrx_word' id='word_1_325' title='bbox 1231 3836 1327 3890; x_wconf 89' lang='lat' dir='ltr'>bound</span> <span class='ocrx_word' id='word_1_326' title='bbox 1339 3842 1370 3890; x_wconf 89' lang='lat' dir='ltr'>to</span> <span class='ocrx_word' id='word_1_327' title='bbox 1384 3836 1493 3893; x_wconf 73' lang='lat' dir='ltr'>follow.</span> <span class='ocrx_word' id='word_1_328' title='bbox 1590 3847 1591 3850; x_wconf 74' lang='grc'>’</span> 
     </span>
     <span class='ocr_line' id='line_1_36' title="bbox 389 3914 1497 3993; baseline 0.008 -25"><span class='ocrx_word' id='word_1_329' title='bbox 389 3917 447 3969; x_wconf 83' lang='lat' dir='ltr'>For</span> <span class='ocrx_word' id='word_1_330' title='bbox 461 3914 540 3967; x_wconf 81' lang='lat' dir='ltr'>often</span> <span class='ocrx_word' id='word_1_331' title='bbox 555 3915 604 3969; x_wconf 90' lang='lat' dir='ltr'>tho</span> <span class='ocrx_word' id='word_1_332' title='bbox 623 3917 777 3988; x_wconf 81' lang='lat' dir='ltr'>indeoenoy</span> <span class='ocrx_word' id='word_1_333' title='bbox 793 3920 824 3972; x_wconf 94' lang='lat' dir='ltr'>in</span> <span class='ocrx_word' id='word_1_334' title='bbox 838 3920 887 3975; x_wconf 92' lang='lat' dir='ltr'>the</span> <span class='ocrx_word' id='word_1_335' title='bbox 901 3928 948 3976; x_wconf 84' lang='lat' dir='ltr'>act</span> <span class='ocrx_word' id='word_1_336' title='bbox 961 3923 985 3977; x_wconf 87' lang='lat' dir='ltr'>ie</span> <span class='ocrx_word' id='word_1_337' title='bbox 998 3929 1111 3993; x_wconf 83' lang='lat' dir='ltr'>greater</span> <span class='ocrx_word' id='word_1_338' title='bbox 1126 3920 1196 3975; x_wconf 85' lang='lat' dir='ltr'>thau</span> <span class='ocrx_word' id='word_1_339' title='bbox 1210 3922 1240 3974; x_wconf 89' lang='lat' dir='ltr'>in</span> <span class='ocrx_word' id='word_1_340' title='bbox 1254 3918 1303 3975; x_wconf 88' lang='lat' dir='ltr'>the</span> <span class='ocrx_word' id='word_1_341' title='bbox 1318 3920 1497 3991; x_wconf 85' lang='lat' dir='ltr'>aubeequent</span> 
     </span>
     <span class='ocr_line' id='line_1_37' title="bbox 390 3999 1499 4079; baseline 0.007 -25"><span class='ocrx_word' id='word_1_342' title='bbox 390 4000 490 4063; x_wconf 80' lang='lat' dir='ltr'>cii‘eot3</span> <span class='ocrx_word' id='word_1_343' title='bbox 513 4000 569 4053; x_wconf 89' lang='lat' dir='ltr'>and</span> <span class='ocrx_word' id='word_1_344' title='bbox 587 3999 666 4054; x_wconf 82' lang='lat' dir='ltr'>often</span> <span class='ocrx_word' id='word_1_345' title='bbox 683 4001 734 4057; x_wconf 89' lang='lat' dir='ltr'>the</span> <span class='ocrx_word' id='word_1_346' title='bbox 753 4004 985 4061; x_wconf 72' lang='lat' dir='ltr'>inconvenientes</span> <span class='ocrx_word' id='word_1_347' title='bbox 997 4006 1087 4061; x_wconf 82' lang='lat' dir='ltr'>which</span> <span class='ocrx_word' id='word_1_348' title='bbox 1104 4006 1199 4061; x_wconf 71' lang='lat' dir='ltr'>follow</span> <span class='ocrx_word' id='word_1_349' title='bbox 1215 4005 1266 4062; x_wconf 89' lang='lat' dir='ltr'>the</span> <span class='ocrx_word' id='word_1_350' title='bbox 1282 4005 1446 4079; x_wconf 81' lang='lat' dir='ltr'>reacinding</span> <span class='ocrx_word' id='word_1_351' title='bbox 1463 4007 1499 4062; x_wconf 80' lang='lat' dir='ltr'>cf</span> 
     </span>
     <span class='ocr_line' id='line_1_38' title="bbox 389 4086 1496 4163; baseline 0.006 -22"><span class='ocrx_word' id='word_1_352' title='bbox 389 4086 440 4141; x_wconf 90' lang='lat' dir='ltr'>the</span> <span class='ocrx_word' id='word_1_353' title='bbox 460 4090 507 4140; x_wconf 88' lang='lat' dir='ltr'>act</span> <span class='ocrx_word' id='word_1_354' title='bbox 527 4101 576 4140; x_wconf 88' lang='lat' dir='ltr'>are</span> <span class='ocrx_word' id='word_1_355' title='bbox 590 4091 702 4159; x_wconf 82' lang='lat' dir='ltr'>greater</span> <span class='ocrx_word' id='word_1_356' title='bbox 723 4087 793 4143; x_wconf 83' lang='lat' dir='ltr'>than</span> <span class='ocrx_word' id='word_1_357' title='bbox 811 4089 862 4145; x_wconf 89' lang='lat' dir='ltr'>the</span> <span class='ocrx_word' id='word_1_358' title='bbox 879 4091 1033 4163; x_wconf 76' lang='lat' dir='ltr'>indecency</span> <span class='ocrx_word' id='word_1_359' title='bbox 1044 4107 1077 4145; x_wconf 86' lang='lat' dir='ltr'>or</span> <span class='ocrx_word' id='word_1_360' title='bbox 1088 4092 1305 4146; x_wconf 87' lang='lat' dir='ltr'>inconvenieuce</span> <span class='ocrx_word' id='word_1_361' title='bbox 1325 4090 1359 4147; x_wconf 84' lang='lat' dir='ltr'>oi</span> <span class='ocrx_word' id='word_1_362' title='bbox 1374 4090 1426 4145; x_wconf 89' lang='lat' dir='ltr'>the</span> <span class='ocrx_word' id='word_1_363' title='bbox 1445 4101 1496 4148; x_wconf 83' lang='lat' dir='ltr'>act</span> 
     </span>
     <span class='ocr_line' id='line_1_39' title="bbox 390 4170 474 4228; baseline 0.012 -2"><span class='ocrx_word' id='word_1_364' title='bbox 390 4170 474 4228; x_wconf 85' lang='lat' dir='ltr'>iteeli.</span> 
     </span>
    </p>
   </div>
   <div class='ocr_carea' id='block_1_5' title="bbox 384 4209 1591 4498">
    <p class='ocr_par' dir='ltr' id='par_1_15' title="bbox 384 4209 1591 4498">
     <span class='ocr_line' id='line_1_40' title="bbox 440 4209 1591 4333; baseline 0.004 -20"><span class='ocrx_word' id='word_1_365' title='bbox 440 4252 535 4313; x_wconf 86' lang='lat' dir='ltr'>XVII.</span> <span class='ocrx_word' id='word_1_366' title='bbox 566 4258 681 4314; x_wconf 84' lang='lat' dir='ltr'>Beeidoe</span> <span class='ocrx_word' id='word_1_367' title='bbox 696 4258 1498 4333; x_wconf 74' lang='lat' dir='ltr'>marriagethemoetuaturaloipaitnerahipa,thereere</span> <span class='ocrx_word' id='word_1_368' title='bbox 1590 4209 1591 4268; x_wconf 45' lang='lat' dir='ltr'>i</span> 
     </span>
     <span class='ocr_line' id='line_1_41' title="bbox 389 4340 1496 4416; baseline 0.003 -19"><span class='ocrx_word' id='word_1_369' title='bbox 389 4340 492 4407; x_wconf 83' lang='lat' dir='ltr'>othum,</span> <span class='ocrx_word' id='word_1_370' title='bbox 503 4342 574 4397; x_wconf 90' lang='lat' dir='ltr'>both</span> <span class='ocrx_word' id='word_1_371' title='bbox 585 4346 694 4415; x_wconf 79' lang='lat' dir='ltr'>private</span> <span class='ocrx_word' id='word_1_372' title='bbox 703 4346 758 4397; x_wconf 80' lang='lat' dir='ltr'>and</span> <span class='ocrx_word' id='word_1_373' title='bbox 766 4345 877 4415; x_wconf 88' lang='lat' dir='ltr'>publio;</span> <span class='ocrx_word' id='word_1_374' title='bbox 889 4342 945 4397; x_wconf 87' lang='lat' dir='ltr'>and</span> <span class='ocrx_word' id='word_1_375' title='bbox 958 4343 1036 4400; x_wconf 84' lang='lat' dir='ltr'>thoae</span> <span class='ocrx_word' id='word_1_376' title='bbox 1051 4346 1144 4409; x_wconf 72' lang='lat' dir='ltr'>letter,</span> <span class='ocrx_word' id='word_1_377' title='bbox 1156 4345 1248 4400; x_wconf 88' lang='lat' dir='ltr'>either</span> <span class='ocrx_word' id='word_1_378' title='bbox 1255 4344 1451 4416; x_wconf 77' lang='lat' dir='ltr'>pertnerehipe</span> <span class='ocrx_word' id='word_1_379' title='bbox 1464 4349 1496 4400; x_wconf 78' lang='lat' dir='ltr'>ia</span> 
     </span>
     <span class='ocr_line' id='line_1_42' title="bbox 384 4427 1496 4498; baseline 0.006 -19"><span class='ocrx_word' id='word_1_380' title='bbox 384 4428 519 4496; x_wconf 75' lang='lat' dir='ltr'>populum</span> <span class='ocrx_word' id='word_1_381' title='bbox 536 4444 568 4480; x_wconf 89' lang='lat' dir='ltr'>or</span> <span class='ocrx_word' id='word_1_382' title='bbox 582 4446 614 4480; x_wconf 73' lang='lat' dir='ltr'>er</span> <span class='ocrx_word' id='word_1_383' title='bbox 630 4429 745 4498; x_wconf 67' lang='lat' dir='ltr'>populis.</span> <span class='ocrx_word' id='word_1_384' title='bbox 773 4429 818 4481; x_wconf 82' lang='lat' dir='ltr'>Ali</span> <span class='ocrx_word' id='word_1_385' title='bbox 830 4427 1023 4498; x_wconf 85' lang='lat' dir='ltr'>partnerahipe</span> <span class='ocrx_word' id='word_1_386' title='bbox 1037 4429 1109 4485; x_wconf 83' lang='lat' dir='ltr'>have</span> <span class='ocrx_word' id='word_1_387' title='bbox 1120 4430 1176 4483; x_wconf 85' lang='lat' dir='ltr'>thie</span> <span class='ocrx_word' id='word_1_388' title='bbox 1188 4430 1219 4483; x_wconf 89' lang='lat' dir='ltr'>in</span> <span class='ocrx_word' id='word_1_389' title='bbox 1230 4445 1368 4493; x_wconf 88' lang='lat' dir='ltr'>common,</span> <span class='ocrx_word' id='word_1_390' title='bbox 1384 4429 1451 4484; x_wconf 84' lang='lat' dir='ltr'>that</span> <span class='ocrx_word' id='word_1_391' title='bbox 1463 4434 1496 4486; x_wconf 87' lang='lat' dir='ltr'>in</span> 
     </span>
    </p>
   </div>
   <div class='ocr_carea' id='block_1_6' title="bbox 0 0 1623 5125">
    <p class='ocr_par' dir='ltr' id='par_1_16' title="bbox 0 0 1623 5125">
     <span class='ocr_line' id='line_1_43' title="bbox 0 0 1623 5125; baseline 0 0"><span class='ocrx_word' id='word_1_392' title='bbox 0 0 1623 5125; x_wconf 95' lang='lat' dir='ltr'> </span> 
     </span>
    </p>
   </div>
  </div>
 </body>
</html>
