3234 5125
468 670 526 745 IN
560 668 698 747 TRES
732 670 935 747 LIBROS

177 882 275 967 DE
331 880 516 962 JURE
573 878 810 961 BELLI
859 878 955 961 Ac
1009 876 1229 962 PACIS

417 1091 989 1191 PROLEGOMENA.

153 1508 180 1575 1.
285 1508 308 1575 S
322 1507 421 1588 civile,
443 1506 509 1575 siue
526 1509 712 1590 Romanum,
734 1508 801 1578 sive
818 1502 903 1599 quod
918 1508 1030 1599 cuique
1045 1509 1182 1599 patrium
1197 1516 1256 1589 est,
1268 1508 1420 1610 mag-m

271 1619 328 1677 aut
349 1608 507 1675 illustrare
531 1609 768 1688 commentariis,
793 1620 850 1677 aut
870 1618 1064 1678 contractum
1089 1612 1130 1678 ob
1152 1610 1258 1678 oculos

154 1730 270 1797 ponere
294 1708 436 1799 aggressi
460 1717 534 1775 sunt
555 1709 663 1787 multi;
689 1719 724 1777 et
741 1709 794 1798 jus
817 1710 895 1777 illud
913 1710 997 1799 qnod
1018 1710 1103 1777 inter
1126 1711 1258 1799 populos

153 1807 259 1896 plures
283 1818 339 1875 ant
354 1808 538 1897 populorum
555 1818 693 1875 rectores
716 1810 892 1887 intercedit,
909 1811 975 1877 sire
991 1810 1033 1876 ab
1057 1810 1125 1898 ipsa
1142 1818 1259 1877 nature

154 1910 338 1997 profectum,
365 1917 421 1976 eut
449 1908 564 1974 divinis
588 1909 789 1976 constitutum
815 1909 948 1998 legibus,
975 1909 1041 1974 sive
1064 1908 1202 1974 moribus
1226 1917 1260 1975 et

153 2019 246 2096 pacto
267 2007 364 2075 tacito
376 2007 597 2085 introductum,
621 2007 795 2097 attigerunt
810 2008 911 2097 penei,
928 2005 1096 2074 universim
1112 2029 1151 2074 ac
1173 2017 1259 2074 certo

155 2108 263 2174 ordine
289 2108 436 2176 eccum
461 2108 612 2175 haetenus
635 2130 747 2176 nemo:
773 2130 843 2174 cum
861 2117 966 2175 tamen
990 2107 1025 2175 id
1046 2107 1115 2174 fieri
1135 2106 1260 2174 intersit

153 2206 281 2273 humani
296 2207 429 2296 generis

229 2310 251 2373 2
285 2309 370 2374 Vere
382 2308 463 2373 enim
482 2304 590 2374 Cicero
607 2307 818 2395 praestabilem
831 2308 913 2374 hanc
929 2307 1008 2375 dixit
1020 2307 1191 2387 scientiam,
1210 2306 1259 2375 ¹in

153 2406 321 2486 federibus,
342 2406 544 2496 pactionibus,
565 2407 793 2475 conditionibus
815 2407 1011 2496 populorum,
1033 2430 1155 2498 regum,
1173 2417 1260 2475 exte-

154 2528 323 2596 rarumque
338 2507 510 2586 nationum,
534 2506 568 2573 in
584 2508 668 2575 omni
684 2507 820 2596 denique
836 2508 909 2575 belli
927 2506 1001 2595 jure
1016 2516 1050 2576 et
1069 2508 1165 2597 pacis.
1215 2509 1260 2576 Et
1272 2524 1422 2576 mamm·

200 2691 209 2722 ¹
234 2691 292 2739 lion
314 2691 374 2738 dicit
396 2691 508 2750 (trenno,
523 2692 685 2753 meabilem
731 2692 775 2740 dit
805 2691 896 2740 ffirnm
911 2691 1092 2750 antemtdnon
1105 2694 1259 2740 obsmstnm

156 2767 218 2815 hanc
233 2781 282 2814 ease
298 2765 430 2825 man,
449 2768 491 2813 ned
506 2767 551 2814 Gn.
566 2767 684 2828 Pompeii,
731 2767 805 2814 {nine
825 2768 857 2814 ab
875 2768 1045 2814 Eruditiasimo
1064 2768 1197 2825 Gronovio,
1217 2765 1260 2828 qni

156 2855 228 2904 quem
235 2842 325 2901 landet,
331 2841 491 2902 prestubihm
500 2843 684 2900 aecedentes,
734 2841 884 2899 Orationem,
897 2847 924 2890 et
933 2847 1015 2903 capnt,
1024 2840 1113 2902 [Orat.
1119 2856 1169 2902 pro
1180 2841 1260 2888 Balbe

155 2923 185 2965 nt
196 2918 222 2964 in
236 2917 301 2964 omni
314 2930 404 2977 genms
416 2930 445 2962 ac
458 2917 575 2963 varietate
586 2918 683 2975 utinm,
732 2929 786 2976 cap.
796 2915 826 2976 6]
838 2917 903 2963 unde
917 2917 985 2962 locus
1000 2917 1047 2962 iste
1061 2917 1153 2975 petitus
1162 2920 1207 2971 est,
1217 2915 1261 2960 ad·

155 2992 191 3039 ita
200 3005 303 3052 quoqne,
314 2990 444 3052 etquidem
456 2990 585 3050 priempere,
598 2989 684 3050 infoe-
732 2995 816 3037 eunte
830 2990 957 3038 indicarits
979 3003 1069 3050 magno
1084 3002 1123 3036 me
1137 3002 1210 3036 once
1224 2989 1261 3035 le·

157 3067 252 3115 derides
261 3071 304 3114 stc.
320 3067 346 3113 ts
359 3066 422 3112 cmi
435 3064 533 3125 denique
546 3063 613 3111 Belli
622 3063 685 3110 Jure
733 3070 840 3123 returns,
853 3065 949 3126 siquod
963 3064 1024 3123 heic,
1036 3069 1062 3112 at
1070 3066 1096 3111 in
1110 3065 1221 3125 sequenti
1232 3078 1262 3112 ac

158 3155 189 3188 ne
200 3141 281 3188 Paete.
310 3141 380 3188 Adeo
390 3145 419 3188 nt
429 3140 511 3187 mem
523 3151 571 3184 non
585 3138 616 3186 ait
629 3152 685 3186 sen·
733 3139 883 3201 peucintrnis
897 3139 950 3188 aliis
963 3140 1024 3187 locta
1037 3141 1104 3198 tecit,
1118 3141 1216 3200 nbtqne,
1232 3145 1262 3188 nt

159 3217 245 3273 tentia,
264 3221 290 3264 et
308 3217 402 3263 nonnisi
424 3230 469 3278 per
487 3215 684 3275 consequentiam
733 3220 839 3276 poterat,
851 3216 955 3278 experiri
969 3215 1092 3265 voluisset.
1120 3215 1190 3265 «ΚΒ.

158 3291 216 3340 inda
225 3291 309 3340 deduci
323 3293 407 3354 penit,
419 3292 485 3354 qnod
495 3293 591 3340 Auctor
604 3291 685 3338 inten-

427 3539 738 3608 PRELIMINARY
763 3538 990 3606 REMARKS.

216 3683 231 3733 1
261 3677 326 3732 Tun
341 3677 413 3732 civil
426 3677 502 3744 Lau,
515 3677 586 3733 both
600 3676 664 3734 that
677 3675 711 3732 of
722 3675 823 3742 Rome,
841 3674 899 3731 aud
913 3675 977 3732 that
990 3673 1025 3731 ci
1036 3672 1106 3731 each
1120 3674 1218 3730 nation
1232 3675 1263 3732 in

159 3763 320 3834 particular,
339 3763 391 3818 has
406 3763 479 3818 been
493 3763 603 3819 treated
618 3763 656 3828 of,
677 3761 745 3816 with
759 3778 778 3817 e
794 3762 865 3817 view
878 3761 970 3817 either
988 3767 1019 3818 to
1033 3761 1173 3817 illustrate
1190 3763 1214 3817 it
1230 3779 1264 3818 or

160 3853 190 3902 tc
197 3855 312 3920 present
324 3849 349 3904 it
360 3850 389 3903 in
399 3865 416 3904 a
427 3849 626 3920 compendibus
634 3848 717 3912 form,
726 3847 766 3921 1)]
775 3863 869 3920 many.
904 3847 962 3902 But
973 3846 1178 3903 interneticnal
1189 3847 1265 3912 Lam

160 3934 223 3989 that
235 3933 327 3988 which
342 3935 457 4006 regards
471 3934 521 3989 the
535 3934 645 3988 mutual
659 3933 793 3988 relations
807 3934 842 3988 cf
852 3933 961 3988 several
971 3934 1100 4005 Peeples,
1116 3950 1150 3989 or
1162 3934 1266 3989 Rulcrs

160 4019 193 4074 cf
214 4019 345 4092 Peoples,
365 4018 492 4075 whether
516 4021 540 4074 it
565 4019 686 4091 proceed
711 4018 787 4073 from
811 4026 922 4082 nature,
943 4035 977 4073 or
998 4017 1036 4074 be
1057 4019 1206 4074 instituted
1226 4018 1266 4092 1)]

160 4103 253 4159 divine
276 4105 435 4171 commend,
456 4121 489 4160 or
514 4103 680 4160 introduced
698 4103 739 4176 1)]
758 4109 868 4159 custcm
889 4104 946 4158 and
963 4105 1034 4160 tecit
1055 4109 1194 4176 compact,
1213 4104 1266 4160 has

160 4187 232 4245 been
247 4189 369 4246 touched
385 4207 423 4246 cn
437 4191 476 4263 1)]
488 4189 552 4256 feu,
569 4189 626 4245 end
640 4188 691 4246 hes
705 4188 779 4245 been
794 4189 832 4261 1)]
846 4205 883 4244 no
899 4205 953 4245 one
973 4191 1084 4245 treated
1098 4207 1130 4245 as
1144 4207 1162 4244 a
1175 4187 1268 4245 whole

160 4273 190 4329 in
213 4291 251 4329 en
276 4275 389 4350 orderly
411 4292 538 4332 manner.
575 4275 641 4330 And
663 4280 711 4347 yet
736 4275 799 4331 that
821 4273 878 4330 this
900 4275 938 4331 be
960 4274 1044 4343 done,
1064 4291 1201 4331 concerns
1218 4273 1268 4329 the

160 4359 266 4416 human
281 4375 355 4417 rece.

218 4452 236 4500 2
265 4445 323 4501 For
343 4446 449 4519 rightly
472 4444 521 4502 did
544 4446 644 4502 cicero
664 4445 718 4500 caii
739 4445 803 4503 that
825 4463 873 4516 au—
882 4447 1022 4506 excellent
1046 4443 1157 4500 scienee
1176 4438 1269 4497 which

161 4528 289 4586 includes
303 4531 353 4588 the
367 4533 508 4597 aldances,
528 4533 652 4598 beatiss,
670 4533 727 4588 end
741 4538 894 4589 covenants
912 4533 947 4588 οἱ
961 4530 1087 4604 pecples,
1104 4528 1196 4600 Hngs,
1212 4522 1269 4583 end
