3234 5125
307 371 373 434 166
617 379 671 434 ΒΕ
692 377 817 433 BELLO
840 377 1095 434 SUBDITORUM
1301 373 1374 444 [Lm.
1386 375 1409 430 1.

382 547 425 611 11.
479 547 498 610 1
533 546 577 611 Et
595 543 782 610 naturaliter
804 543 930 630 quidem
952 563 1059 608 omnen
1079 541 1121 608 ad
1143 541 1310 608 arcendam
1334 563 1354 607 a
1376 565 1411 609 ee

311 644 456 732 injuriam
474 643 527 731 jus
547 644 665 710 habent
680 642 854 719 resistendi,
878 652 914 708 ιιι
933 664 1030 729 supra
1049 641 1191 708 diximus.
1245 641 1310 707 Sed
1329 640 1411 708 eirili

308 743 455 809 aoeietate
471 743 514 809 ad
529 743 678 809 tuendam
693 741 849 829 publicam
863 738 1286 828 tranquillitateni'iuatituie‚
1303 740 1411 809 stetim

309 843 428 910 civitati
440 843 493 930 jus
509 843 665 928 quoddam
679 841 778 929 majus
794 841 828 907 in
843 863 900 907 nou
916 849 950 908 et
965 849 1073 906 nostra
1088 839 1236 917 nascitur,
1257 847 1411 927 quatenus

308 942 352 1009 ad
375 943 468 1008 finem
482 942 569 1008 illum
591 941 625 1008 id
645 940 852 1007 neceesarium
870 947 925 1006 eni
977 941 1086 1007 Potest
1108 939 1206 1029 igitur
1228 939 1337 1006 eiritea
1356 940 1411 1026 jue

309 1040 388 1108 iliud
414 1040 580 1109 resistendi
604 1039 813 1127 promiscuum
841 1038 974 1128 publieae
996 1040 1081 1126 paoia
1108 1048 1142 1106 et
1170 1037 1289 1106 ordinis
1316 1060 1413 1106 eauea

310 1141 495 1227 prohibere:
520 1142 565 1207 Et
584 1139 659 1227 quin
680 1139 822 1215 voluerit,
849 1139 1053 1205 dubitandum
1069 1161 1132 1204 non
1147 1147 1205 1215 eet,
1230 1160 1301 1205 enm
1317 1138 1413 1205 aliter

309 1261 373 1305 non
402 1248 507 1328 poneet
534 1240 628 1305 finem
653 1261 743 1305 suum
768 1233 934 1325 ooneequi:
970 1238 1107 1304 ¹nem
1083 1261 1110 1304 ιι
1129 1246 1255 1305 maneat
1280 1236 1410 1325 promis-

310 1361 399 1405 euum
416 1339 493 1406 illud
517 1338 715 1405 resistendi
701 1361 764 1424 pua,
791 1359 853 1403 non
873 1337 941 1424 jam
963 1337 1098 1406 civitatis
1112 1337 1182 1418 erit,
1206 1337 1262 1405 aed
1285 1337 1412 1404 dinoci

145 1451 209 1490 nm
220 1450 291 1499 orm
310 1447 364 1505 atu
379 1438 554 1517 multitudo,
580 1438 680 1525 qualia
695 1437 749 1503 ilia
766 1437 960 1527 Gydopumr

142 1498 196 1537 ιιι
196 1499 251 1536 ,ιιι

786 1571 940 1644 θεμιστεύει
955 1571 1010 1627 δ”
994 1591 1104 1632 exueres

611 1660 718 1717 naiton
731 1658 771 1729 ἧδ’
786 1659 899 1730 ἇλόχιον.

783 1762 863 1817 Dent
877 1761 1042 1833 eonjugibue
1052 1763 1099 1833 jus

613 1849 737 1920 Quiaqne
750 1850 808 1905 suia
823 1848 976 1919 sobolique.

144 1991 297 2076 ptrlraecm
526 1965 657 2083 Ξιομᾶδει·
678 1965 764 2022 <ironice
785 1965 808 2021 δ’
831 1966 906 2022 οὐδὲν
926 1965 1010 2022 οὐδεὶς
1031 1964 1143 2022 οὗδενόι.
1238 1965 1239 1968 “

159 2067 165 2079 ·
212 2066 217 2076 ·
545 2054 669 2109 confuse
682 2055 773 2117 turba,
789 2070 873 2109 nemo
887 2053 938 2108 ubi
951 2053 1032 2108 audit
1045 2054 1196 2108 nerninem.

147 2207 297 2248 ιιιιοαιιι
313 2188 355 2254 Ει
390 2185 607 2275 Aboriginum,
648 2185 702 2272 qui
734 2185 879 2252 Sallustio
911 2186 1066 2262 tradente,
1112 2206 1211 2274 genus
1251 2181 1410 2250 hominum

312 2296 448 2375 agreste,
465 2285 531 2350 eine
547 2283 764 2373 legibua,e1ne
779 2284 920 2399 imperio,
937 2285 1069 2350 liberum
1086 2293 1181 2370 atque
1197 2282 1350 2350 solutum:
1377 2291 1411 2349 et

146 2410 246 2458 sewu
313 2385 397 2498 apud
414 2384 546 2451 eundern
563 2383 623 2449 elio
637 2383 704 2449 loeo
722 2383 837 2461 detuli,
863 2384 917 2470 qui
933 2404 1035 2471 neque
1050 2383 1198 2461 moribus,
1220 2381 1322 2470 neque
1338 2379 1410 2472 lege

312 2494 370 2550 aut
384 2483 513 2571 imperio
526 2482 706 2570 cujusquam
722 2484 923 2572 regebantur.

389 2586 411 2649 2
445 2582 506 2662 Ite,
532 2592 569 2650 ut
584 2582 659 2660 dixi,
685 2584 804 2649 habeut
823 2604 925 2649 morea
949 2582 1085 2649 omnium
1102 2582 1282 2649 civitatum:
1309 2582 1411 2648 Gerae·

146 2718 236 2765 cm,
244 2716 299 2756 ma
313 2685 385 2749 rote
398 2695 536 2768 paetum
556 2696 602 2749 eet
618 2685 783 2750 eoee'etatie
798 2685 960 2763 humano,
986 2682 1087 2769 inquii
1101 2681 1304 2771 Augustinus,
1325 2683 1410 2766 reqi-

146 2809 215 2847 noa
197 2807 294 2904 edim
314 2785 372 2849 bue
387 2785 524 2849 obedire.
574 2782 767 2871 AEaehylua:

356 2941 365 2972 ¹
380 2943 584 3004 Diabngueuduru
595 2941 648 2990 heic
658 2942 743 2990 inter*
733 2943 838 3003 ουίιιιαι
885 2944 1001 3005 postulet,
1016 2947 1111 2991 tuntum
1126 2944 1195 2990 abeat
1209 2945 1238 2989 ιιι
1252 2945 1325 2991 vetet.
1356 2942 1411 2999 Qua

310 3018 396 3066 dubios
407 3023 450 3065 aut
464 3018 605 3076 tolerabile,
615 3023 641 3065 et
655 3020 794 3080 manifestus
807 3033 838 3066 ae
887 3022 917 3068 de
926 3034 953 3067 re
963 3021 1057 3081 plenius
1071 3020 1176 3067 dicemus
1188 3020 1213 3066 in
1224 3020 1312 3067 nontin'a
1322 3020 1353 3066 ed
1365 3021 1412 3067 hoo

309 3092 480 3139 intolerandae.
497 3092 558 3147 Qun
568 3092 654 3152 prioris
663 3094 759 3152 generia
771 3097 836 3149 runt,
888 3095 970 3155 Caput
988 3094 1061 3142 Notis
1079 3095 1186 3143 Gellieir.
1216 3094 1277 3142 Heio
1292 3094 1412 3142 monuisse

310 3181 351 3214 eea
369 3168 422 3227 peti
441 3167 542 3226 quiaque
562 3166 643 3225 debet,
665 3180 713 3213 uon
736 3172 838 3228 propter
886 3169 996 3216 sufficiat.
1025 3169 1096 3218 J.B.

309 3238 454 3300 Principem,
474 3240 517 3299 qui
539 3254 571 3285 ne
594 3239 690 3299 quidem
713 3241 836 3288 minimum
930 3252 942 3278 ⁸
957 3243 1065 3305 confiteo
1074 3245 1152 3303 turta,
1162 3258 1227 3293 nemo
1239 3244 1280 3291 abi
1289 3246 1359 3292 eadit
1372 3258 1412 3291 ne·

309 3316 421 3376 injurium
431 3315 549 3362 inferendi
555 3316 598 3377 Ju·
607 3316 688 3373 habet,
698 3317 741 3363 aad
754 3330 785 3363 ue
796 3330 836 3364 oo·
885 3317 978 3378 ιιιίιιιιι]
999 3317 1040 3365 De
1053 3318 1179 3379 Bebryciis
1195 3318 1287 3365 riutilio
1302 3319 1414 3380 prodidit

310 3390 383 3438 eietue
399 3390 475 3438 oirilia
488 3392 607 3439 turbetur.
637 3390 781 3439 Porterioria
791 3406 836 3441 au-
886 3393 997 3443 Vuleriua
1013 3392 1246 3454 (Arpon.1r.1tii)=

309 3464 359 3507 tem
369 3462 465 3522 generis
480 3460 611 3521 uemoputi
626 3463 732 3516 tenetur,
747 3476 835 3524 eoaque
1052 3488 1258 3537 mmmm

309 3536 641 3598 repeiliiiuiaipaeeiritatuur
650 3537 835 3584 comtituttrum
884 3551 1005 3592 mamm
1005 3551 1119 3600 mma„
1125 3551 1409 3599 mmmmm&

364 3753 402 3807 11
431 3760 446 3807 1
465 3755 508 3825 By
521 3704 643 3808 Natural
653 3754 729 3818 new,
741 3754 780 3808 all
793 3754 866 3809 hare
877 3754 927 3811 the
938 3754 1027 3826 Right
1035 3754 1069 3809 of
1078 3751 1216 3823 repeiling
1226 3767 1329 3823 wrong.
1350 3752 1411 3810 But

310 3837 375 3893 civil
389 3838 495 3909 society
514 3838 599 3909 being
619 3840 768 3894 instituted
788 3845 819 3894 to
834 3856 932 3895 secure
945 3840 1042 3912 publio
1061 3837 1244 3909 tranquillity,
1259 3837 1310 3893 the
1328 3838 1410 3895 State

310 3922 437 3993 eoquiroe
447 3939 466 3977 ιι
483 3924 619 3993 Superior
629 3924 719 3995 Right
736 3940 803 3979 orer
817 3941 850 3979 ua
862 3926 918 3979 und
930 3942 1004 3989 oure,
1015 3941 1045 3979 ae
1059 3924 1104 3977 fur
1118 3939 1149 3978 ae
1165 3922 1188 3977 ia
1204 3938 1351 3996 necessary
1364 3926 1410 3981 ior

310 4007 374 4063 that
384 4005 449 4062 eud.
483 4008 638 4064 Therefore
652 4010 702 4065 the
718 4011 798 4064 State
812 4027 878 4082 may
895 4010 1020 4083 prohibit
1034 4009 1097 4065 that
1111 4009 1303 4081 promiaeuoun
1317 4011 1407 4083 Right

310 4094 345 4149 oi
354 4092 492 4165 reaiating,
506 4093 553 4148 ior
563 4092 614 4150 the
633 4095 701 4151 ieie
721 4094 755 4150 oi
768 4095 865 4166 publio
877 4113 963 4169 peaoe
978 4096 1035 4151 aud
1052 4095 1150 4150 order:
1174 4095 1231 4150 aud
1248 4096 1272 4151 it
1286 4096 1311 4150 io
1329 4102 1360 4153 ιο
1372 4097 1410 4153 be

310 4180 460 4253 presumed
474 4185 504 4236 ιο
518 4180 590 4236 bare
604 4180 739 4236 intended
760 4182 823 4247 thia,
838 4183 914 4238 eiuoe
934 4184 958 4237 it
976 4188 1079 4237 cannot
1093 4180 1242 4237 otherwise
1262 4182 1352 4237 ettaiu
1372 4183 1409 4237 ita

310 4267 375 4323 end.
422 4266 453 4321 If
461 4265 517 4322 thiu
528 4266 701 4339 prohibition
713 4268 780 4322 doee
791 4274 843 4323 net
857 4270 936 4334 exiet,
951 4268 1031 4324 ibere
1042 4270 1066 4323 ie
1076 4284 1115 4323 no
1128 4267 1217 4332 State,
1234 4268 1287 4323 but
1305 4284 1324 4322 e
1337 4268 1409 4323 rnul-

310 4354 402 4409 titude
413 4346 531 4409 without
544 4352 594 4408 ibe
609 4353 649 4408 tie
666 4353 700 4409 of
715 4353 829 4425 society.
869 4354 907 4410 So
928 4354 977 4411 the
1002 4354 1120 4428 Cyclope
1136 4370 1186 4409 are
1204 4352 1350 4409 described
1370 4353 1409 4425 by

310 4440 420 4494 Homer
429 4440 485 4495 and
492 4440 656 4512 Euripiden
667 4456 699 4496 ao
709 4439 758 4495 the
768 4436 985 4514 [hypothetieal]
997 4440 1172 4514 Aborigines,
1181 4440 1238 4495 and
1246 4438 1296 4496 the
1305 4438 1411 4505 Getuli,

310 4523 350 4599 by
362 4526 476 4583 Seduni.
516 4522 584 4599 [See
602 4526 651 4584 the
665 4522 845 4601 referenoea.]
