3234 5125
141 367 210 424 Osr.
224 363 303 433 VIL]
425 363 517 428 QUAE
538 364 603 420 sii·
624 364 701 420 PER
723 363 867 430 LEGEM,
887 365 970 420 Ere.
1181 357 1247 424 387

139 531 315 621 postfacto
340 538 450 610 cessat,
473 529 533 597 nisi
555 530 640 618 quod
665 551 706 597 ex
730 551 825 598 sexus
853 528 1021 620 privilegio
1046 530 1248 617 suspenditur

90 683 92 688 -
138 633 172 699 in
196 629 359 722 cognatica
387 629 586 698 successione.
639 629 783 697 Obtinuit
807 631 876 696 hec
903 651 997 717 quam
1020 628 1154 696 diximus
1178 650 1247 696 sen-

138 731 239 799 tentia
260 730 293 796 in
318 729 447 797 Perside
470 729 552 797 inter
579 731 700 818 Cyrum
724 733 774 796 'et
796 728 946 806 Arsicam,
972 729 1006 796 in
1029 730 1143 796 Judoea
1164 727 1248 796 inter

137 831 339 918 Antipatrum
365 829 501 897 Herodis
528 829 634 918 magni
661 829 758 896 filium
783 837 817 895 et
844 829 912 914 ejus
937 827 1075 906 fratres3
1098 828 1131 893 in
1156 830 1402 931 Eun-mppr

139 929 230 1020 geria
254 949 324 995 cum
351 927 463 995 Geiesa
489 948 622 1018 regnum
647 929 745 1006 adiit;
772 937 805 994 et
829 927 864 993 in
887 927 1065 1005 Germania,
1091 950 1155 994 non
1179 928 1246 994 sine
1260 939 1383 1033 'petet

139 1027 235 1096 armis
251 1037 367 1106 tamem
384 1026 485 1094 ‘inter
502 1027 649 1095 Ottonem
666 1028 802 1117 primum
819 1036 852 1093 et
869 1027 1050 1093 Henricum.

217 1128 342 1193 XXIX.
396 1126 489 1205 Quod
510 1134 614 1194 autem
636 1129 760 1215 Sparta
782 1125 875 1193 aliter
899 1126 1016 1193 iactum
1038 1125 1179 1215 legimus,
1203 1149 1245 1192 ex

140 1227 212 1318 lege
228 1225 357 1314 propria
372 1234 421 1293 eet
437 1225 505 1312 ejus
526 1227 641 1315 populi,
658 1248 730 1314 quse
749 1227 790 1293 ob
808 1225 1023 1292 educationem
1039 1225 1140 1314 magis
1155 1247 1247 1292 accu-

140 1335 243 1394 ratam
265 1334 355 1392 natos
374 1324 407 1390 in
423 1347 522 1415 regno
544 1326 743 1413 praeierebat
795 1325 885 1392 Idem
905 1325 1047 1392 accidere
1068 1322 1185 1412 poterit
1204 1348 1245 1391 ex

141 1425 291 1514 peculiari
309 1425 381 1514 lege
406 1425 567 1491 vestiturae
583 1423 751 1513 primaevae,
775 1425 801 1490 si
823 1425 988 1512 imperium
1009 1424 1103 1491 detur
1125 1425 1159 1488 in
1179 1425 1247 1491 seu·

142 1525 217 1591 dum
234 1523 350 1591 vasallo
367 1531 400 1590 et
416 1544 456 1588 ex
474 1543 512 1590 eo
526 1523 705 1589 nascituris:
733 1543 794 1611 quo
810 1532 997 1612 argumento
1012 1523 1105 1588 nixus
1121 1522 1247 1589 videtur

142 1622 237 1690 fuisse
260 1621 437 1689 Ludovicus
460 1622 611 1689 adversus
629 1621 804 1689 Gaieatium
827 1622 957 1687 fratrem
979 1621 1012 1686 in
1035 1623 1247 1688 controversia

142 1723 274 1790 ducatus
290 1721 538 1788 Mediolanensis.
591 1722 673 1788 Nam
689 1713 743 1787 bin
764 1721 894 1787 Perside
911 1722 1046 1798 Xerxes,
1067 1721 1121 1807 qui
1137 1730 1247 1787 contra

142 1820 274 1889 fratrem
299 1821 529 1888 Artabazanem
552 1819 687 1887 obtinuit
711 1841 854 1910 regnum,
881 1828 918 1886 ut
940 1821 1121 1887 Herodotus
1146 1828 1244 1898 notat,
1259 1839 1375 1882 navus

141 1921 282 2010 potentia
306 1922 429 1988 Atossoe
451 1919 561 1986 matris
585 1919 686 2010 magis
711 1941 804 2006 quem
824 1919 899 2007 jure
924 1919 1032 1990 valuit.
1085 1919 1191 2006 Atque
1214 1919 1247 1984 in

143 2101 170 2144 at
190 2095 279 2144 Gemee
298 2100 370 2144 natue
389 2096 525 2157 imperanti,
545 2096 672 2157 pmvslmt
718 2109 740 2144 e.
758 2095 796 2143 26.
817 2097 843 2142 et
860 2093 989 2141 Rationem.
1005 2095 1072 2143 Part.
1089 2107 1119 2142 ιι.
1135 2095 1189 2142 Lib.
1205 2108 1247 2144 ιιι.

142 2174 277 2235 stuetes.
306 2174 417 2221 Μυίιιιι)
433 2173 496 2220 libro
511 2185 589 2220 xxiv.
603 2171 670 2232 (cap.
719 2185 740 2218 c.
759 2172 808 2230 io]
839 2170 876 2216 At
898 2172 962 2217 rorte
983 2185 1067 2218 verum
1088 2176 1126 2218 est
1145 2185 1248 2232 regnum

141 2250 204 2310 ui.)
220 2249 393 2297 Constantinus
402 2249 485 2296 Dncsa
494 2248 621 2308 imperium
631 2261 669 2294 re·
720 2245 824 2293 Persidis
839 2245 1007 2306 pependisset
1019 2247 1104 2307 populi
1118 2247 1247 2308 subiugiis,

140 2325 202 2385 liqui
221 2324 282 2382 tiliis,
301 2335 402 2384 quorum
421 2323 471 2370 duo
489 2323 586 2383 privato
601 2325 671 2369 mant
719 2323 761 2369 sed
783 2323 849 2368 intrs
873 2329 973 2381 gentem
1002 2322 1095 2382 regiam
1119 2323 1246 2370 oonduais.

140 2399 226 2461 geniti,
249 2398 335 2446 tertius
353 2395 603 2459 τορφυρογέννητο).
622 2397 670 2443 Ζο-
719 2396 782 2444 Nam
792 2397 818 2445 id
830 2396 861 2442 de
872 2395 1003 2454 Arsacidis,
1014 2397 1057 2456 qui
1068 2397 1153 2443 Parthi
1168 2398 1248 2444 Peraia

142 2486 221 2520 nsrsa
238 2472 306 2533 (Lib.
324 2483 402 2519 xvrrr.
418 2483 472 2532 csp.
490 2471 513 2519 9.
528 2470 577 2517 Eoi.
594 2471 669 2532 Reg.)
718 2470 876 2530 imperavere,
892 2469 994 2516 tradidit
1017 2470 1161 2517 Ammianus
1184 2472 1247 2520 libro

142 2548 206 2597 Vide
223 2548 350 2597 Coracium
365 2551 437 2596 met.
451 2547 481 2596 de
496 2547 571 2595 Prote
582 2547 671 2609 Regali
719 2557 800 2593 Ωιι).
818 2545 852 2606 (c.
862 2545 884 2595 6.
901 2545 986 2606 pata
1001 2544 1051 2592 Ed.
1066 2545 1143 2594 Vates.
1160 2546 1248 2607 Gron.)

142 2638 184 2673 ιιι.
195 2622 460 2685 permansionem.
719 2622 785 2670 etde
795 2622 884 2679 Persis,
894 2622 936 2682 qni
946 2622 1030 2669 iisdem
1040 2624 1138 2670 Parthis
1152 2638 1247 2670 succa-

187 2698 244 2745 11))
258 2697 360 2746 Perside
370 2696 472 2759 Xerses]
494 2696 547 2744 Ima
557 2700 583 2744 et
592 2697 671 2745 Xerxi
719 2710 781 2756 sere,
797 2698 905 2744 Zonarm
924 2699 950 2744 in
969 2696 1079 2746 Justino.
1105 2698 1169 2759 [Lib.
1190 2712 1247 2749 xiv.

142 2774 222 2823 secius
231 2773 301 2834 regni
310 2774 389 2819 iactus
401 2772 556 2829 mursae,
567 2786 616 2818 non
626 2786 670 2819 su·
720 2786 773 2833 cap.
793 2774 816 2819 b.
832 2773 874 2818 ubi
888 2773 914 2817 id
928 2776 1024 2819 tanturn
1039 2774 1105 2830 dicit,
1117 2772 1248 2832 cavadem,

141 2855 192 2897 um
206 2848 296 2896 Darius
310 2852 336 2895 et
350 2846 491 2907 Hystaspes,
505 2846 613 2904 maiora,
629 2846 671 2891 sed
719 2846 848 2893 Persarum
869 2847 975 2907 Regem,
995 2847 1109 2893 chosroe
1133 2847 1183 2893 iilic
1203 2862 1248 2894 suo

142 2929 200 2972 ante
210 2925 326 2984 adeptum
340 2921 466 2981 imperium
482 2919 566 2979 genitu
597 2918 671 2979 [Vide
720 2926 780 2968 natu
794 2920 894 2967 minimo
908 2921 1039 2968 destinasse
1054 2922 1189 2983 imperium,
1205 2937 1248 2970 ex.

144 2998 293 3054 Passurus,
312 2994 424 3043 Doetria.
447 2992 554 3053 reaper.
574 2992 627 3041 Lib.
644 3004 669 3041 x.
720 2994 793 3041 clusis
803 2994 858 3040 filiis
868 2998 928 3041 natu
937 2994 1087 3056 majoribus]

146 3227 293 3285 excluded.
327 3227 386 3283 But
397 3227 427 3281 in
439 3226 495 3283 this
507 3226 576 3282 kind
587 3227 622 3283 of
629 3226 795 3293 succession,
807 3244 845 3282 an
856 3233 1029 3301 expectancy
1040 3245 1110 3286 once
1121 3231 1204 3302 given
1218 3238 1249 3288 to

145 3330 203 3386 any
211 3330 266 3369 oue
277 3314 354 3385 gives
364 3312 424 3367 him
436 3329 454 3368 a
464 3313 549 3384 right,
560 3312 616 3368 and
627 3313 695 3369 does
705 3320 756 3368 not
765 3330 845 3369 cenae
856 3314 895 3386 1)]
903 3330 959 3386 any
967 3314 1138 3386 subsequent
1150 3324 1249 3382 event;

145 3405 247 3471 except
261 3399 324 3454 that
341 3400 371 3452 in
389 3414 407 3453 a
421 3400 549 3471 cognatio
566 3400 723 3455 succmaion
742 3400 766 3453 it
782 3400 806 3455 is
823 3400 982 3471 suspended
999 3401 1038 3473 1)]
1051 3400 1101 3456 11))
1115 3403 1250 3475 privilege

146 3486 181 3541 of
196 3502 251 3541 sex.
289 3484 350 3540 ‘ibe
362 3485 478 3557 opinion
489 3484 581 3540 which
593 3501 635 3541 ue
648 3500 698 3541 are
709 3485 816 3557 stating
827 3484 960 3541 obtained
971 3486 1001 3540 in
1012 3487 1112 3542 Persia
1122 3474 1258 3543 between

147 3570 237 3644 (tyrus
251 3570 308 3626 and
320 3569 432 3637 Ansium
449 3572 480 3625 in
493 3570 587 3626 iudea
603 3570 730 3627 between
747 3571 904 3642 Antipater,
919 3569 968 3626 ihc
979 3588 1032 3627 son
1043 3572 1078 3627 of
1089 3572 1187 3629 Herod
1199 3572 1250 3630 tbe

147 3657 244 3723 Great,
259 3656 316 3713 and
327 3655 371 3712 his
382 3656 530 3721 brothers3
545 3656 576 3711 in
587 3656 733 3729 Hungary,
744 3656 827 3712 vhen
842 3658 942 3713 (icisse
954 3659 1023 3713 took
1037 3657 1087 3713 the
1098 3659 1250 3730 kingdom

145 3744 203 3801 and
214 3744 245 3798 in
257 3744 408 3815 Germany,
420 3741 530 3814 though
540 3747 592 3798 not
603 3741 722 3798 vithout
733 3758 864 3799 recourse
874 3749 905 3799 1ο
917 3759 983 3811 var,
993 3742 1121 3800 between
1133 3744 1210 3800 Otho
1221 3745 1246 3803 1.

146 3830 204 3885 sud
215 3829 323 3901 Henry.

204 3915 317 3970 XXIX.
354 3915 416 3971 Τ1ι)
426 3914 486 3971 icet
496 3913 732 3972 thatadifferent
742 3914 804 3971 ruie
812 3930 869 3971 vae
878 3915 1009 3971 iolioved
1020 3921 1051 3972 at
1060 3915 1172 3989 Sparta,
1183 3932 1249 3989 pro·

146 4000 252 4057 ceeded
269 4001 344 4055 from
355 4018 374 4057 a
388 4002 514 4073 peculiar
525 4001 579 4056 lav
591 4000 625 4057 of
639 4000 703 4057 that
716 4001 828 4074 peopIe,
844 4000 935 4057 vbich
945 4018 983 4057 on
997 4010 1118 4058 account
1129 4003 1163 4058 of
1175 4002 1251 4059 their

147 4086 307 4149 )111ι))11)ιι,
318 4086 464 4156 preferred
476 4086 557 4142 those
568 4086 632 4143 that
642 4102 715 4143 vvere
724 4088 796 4143 born
808 4087 839 4141 in
850 4087 900 4143 the
910 4088 999 4160 reign.
1024 4088 1086 4143 The
1097 4106 1174 4144 same
1185 4105 1253 4161 may

146 4172 214 4227 take
222 4170 303 4242 place
314 4170 354 4242 1)]
363 4186 381 4225 a
391 4171 517 4242 peculias
523 4172 590 4226 Lavr
601 4172 635 4228 of
643 4173 692 4228 the
703 4174 844 4244 primitive
856 4174 1029 4237 investitura,
1038 4174 1064 4227 if
1072 4174 1122 4228 the
1129 4189 1252 4244 govern-

146 4262 228 4311 ment
238 4256 274 4311 be
285 4256 366 4326 giren
376 4272 407 4310 as
418 4256 497 4311 aflei
503 4263 533 4311 to
544 4274 563 4313 a
572 4257 662 4313 vaassd
671 4259 728 4313 aud
737 4256 783 4313 his
790 4258 940 4331 offapringr
953 4274 992 4312 on
1000 4257 1091 4311 vbich
1103 4263 1252 4328 argument

147 4341 290 4398 [auderico
302 4357 391 4397 seems
403 4347 434 4396 to
444 4340 611 4399 bavereiied
622 4346 732 4415 against
743 4344 879 4400 Galeamo
889 4344 933 4398 his
944 4342 1070 4407 brother,
1081 4344 1111 4395 in
1122 4342 1172 4397 the
1184 4359 1251 4398 con·

147 4435 276 4499 troversy
290 4428 448 4499 respecting
459 4426 508 4482 the
521 4428 662 4486 duhedom
675 4431 708 4485 oi
716 4430 814 4484 Milan.
839 4430 897 4483 For
908 4430 938 4483 in
947 4428 1053 4493 Persia,
1065 4428 1175 4483 Xerxes
1189 4428 1252 4484 vhe

148 4513 282 4571 obtained
294 4512 343 4569 the
354 4513 489 4585 kingdom
500 4518 610 4587 agmnst
618 4516 662 4571 bis
670 4514 787 4572 brother
797 4514 986 4571 musanen
997 4514 1076 4571 osred
1087 4514 1131 4570 hie
1143 4530 1253 4571 success

1036 4615 1150 4680 25-ss
