3234 5125
577 618 666 711 LE
683 620 717 711 C
732 622 770 713 Τ
784 624 826 715 U
840 626 917 719 RI
934 629 963 721 S
981 640 990 680 ¹

484 824 604 883 nuno
637 826 795 885 novun
828 832 1082 893 nn1n1onnn

718 1006 747 1064 Β.
759 1008 792 1065 P.
804 1009 842 1065 D.

382 1170 650 1259 JOANNES
697 1175 1176 1271 BARBEYRACIUS.

616 1402 917 1417 *—

267 1571 367 1637 UUM
386 1571 419 1636 in
434 1592 471 1637 eo
489 1580 591 1639 essent
607 1572 790 1661 Bibliopoloe
812 1574 1022 1655 sollertissimi,
1048 1587 1084 1645 ut
1101 1578 1245 1647 eximium
1267 1582 1352 1650 istud

291 1670 387 1757 Opus,
416 1670 529 1759 saepius
556 1694 698 1738 recusum
724 1682 758 1738 et
784 1676 1005 1754 recudendum,
1035 1678 1122 1766 typis
1147 1681 1210 1746 suis
1237 1683 1350 1749 iterum

199 1771 441 1847 committerent;
466 1792 503 1837 sc
525 1770 558 1836 in
574 1793 612 1837 eo
629 1772 831 1839 omsculnndo
846 1783 880 1840 et
895 1775 1130 1862 interpretando
1154 1802 1217 1846 non
1239 1802 1351 1867 parum

199 1892 302 1957 operoe
326 1892 347 1935 s
368 1892 418 1936 me
440 1869 574 1957 positum
599 1892 668 1936 osse
692 1869 934 1940 inaudivissent:
959 1896 1079 1940 mecum
1101 1877 1185 1943 ultro
1206 1890 1349 1967 egerunt,

197 1980 233 2035 ut
253 1969 452 2057 suppeditare
474 1969 594 2046 vellem,
620 1970 646 2034 si
672 1969 813 2057 quidet]
839 1994 949 2038 novam
975 1974 1152 2040 Editionem
1179 1980 1350 2045 ornandum

197 2069 339 2135 conferre
361 2069 554 2135 commodum
580 2078 670 2134 esset
723 2070 850 2136 Lubsns
876 2073 1037 2159 amplexus
1062 2095 1130 2139 snm
1160 2077 1349 2145 occasionem

196 2168 331 2236 oblatum
351 2169 392 2235 de
412 2168 472 2235 illis
495 2168 740 2245 benemerendi,
766 2170 820 2256 qui
835 2171 896 2237 Jus
910 2173 1042 2239 Nuturae
1059 2182 1093 2239 et
1110 2175 1267 2255 Gentium,
1289 2200 1349 2265 pro

195 2269 306 2335 mmito
322 2268 388 2356 ejus
404 2290 522 2355 suoque
537 2268 672 2355 ipsorum
697 2268 841 2347 utilitate,
866 2272 1105 2359 amplectuntur,
1129 2275 1269 2361 adeoque
1285 2300 1348 2343 non

194 2378 323 2456 possunt
337 2390 400 2434 non
416 2367 542 2433 maximi
560 2368 665 2433 secere
681 2369 851 2435 Auctorem
869 2380 1019 2449 nostrum,
1044 2374 1252 2440 nobillissimae
1269 2377 1347 2444 ortis

104 2492 109 2505 ·
194 2468 281 2556 qnasi
295 2475 466 2556 parentem.
520 2467 565 2533 Et
580 2488 767 2555 quamquam
784 2469 889 2556 paullo
905 2472 975 2557 plus
991 2472 1139 2560 temporis
1161 2474 1237 2539 mihi
1254 2476 1348 2541 relin-

193 2570 256 2656 qui,
280 2591 373 2658 quom
395 2568 540 2634 serebant
561 2567 698 2635 rctionos
723 2569 1018 2659 Typogruphorum¹
1049 2573 1141 2638 vnlde
1170 2584 1345 2661 optassem:

193 2679 298 2736 tumen
314 2669 364 2736 vel
384 2667 428 2734 sic
449 2689 487 2733 es
503 2676 653 2754 praestore
676 2689 726 2734 me
748 2689 839 2755 posse
858 2669 1042 2749 existimavi,
1068 2672 1109 2738 do
1125 2673 1237 2761 quibus
1253 2676 1346 2742 susci-

192 2768 312 2856 piendis
327 2790 419 2834 nemo
435 2768 595 2846 hactenus,
612 2769 695 2854 quod
713 2767 819 2848 mium,
836 2768 917 2834 serio
934 2771 1136 2860 cogitaverat.
1182 2775 1264 2840 Rem
1281 2798 1346 2842 om-

190 2891 262 2935 nom
278 2869 384 2956 paucis
397 2867 511 2955 accipe.

265 2969 350 3035 Dum
366 2968 407 3033 sb
423 2967 542 3054 aliquot
557 2964 656 3042 annis,
672 2967 864 3033 Lemanno
879 2966 982 3032 adhuc
998 2965 1125 3056 degens,
1150 2969 1183 3034 in
1200 2993 1238 3036 eo
1261 2981 1345 3040 totus

191 3089 288 3143 erem,
304 3076 341 3134 ut
357 3067 468 3133 Libros
487 3067 579 3132 hosce
599 3067 651 3131 De
666 3067 749 3132 Jure
765 3068 857 3132 Belli
872 3089 915 3133 ac
927 3069 1035 3133 Pacis
1055 3067 1087 3132 in
1113 3068 1264 3136 Gnllicsm
1286 3072 1344 3137 lin·

191 3189 286 3256 guum
303 3175 466 3244 verterem,
489 3173 522 3232 st
538 3163 630 3230 Notis
646 3165 804 3253 perpetuis
826 3165 1024 3244 illustrarem,
1047 3167 1089 3233 nd
1106 3191 1177 3234 eum
1193 3171 1262 3236 iere
1278 3194 1343 3238 mo·

190 3267 274 3343 dum,
292 3288 353 3355 quo
368 3265 471 3332 soline
489 3265 577 3352 Opus
598 3266 763 3330 Ssuusuus
777 3265 1009 3332 Pursunonrn
1032 3268 1184 3334 Dolore
1198 3272 1343 3336 Nature

190 3379 220 3434 et
246 3369 410 3443 Gorstium,
436 3365 506 3452 plus
529 3363 659 3450 simplici
681 3363 757 3443 vics,
775 3363 844 3450 jum
865 3366 897 3429 in
920 3364 1077 3452 publicum
1100 3366 1207 3431 emisi:
1237 3389 1342 3434 neces·

188 3465 304 3532 serium
326 3464 402 3530 mihi
423 3463 617 3549 aliquatenus
638 3462 737 3529 visum
760 3471 818 3539 cst,
844 3462 1038 3528 utilissimum
1062 3463 1173 3530 sultsm
1199 3465 1340 3534 instituto

188 3587 257 3631 meo
280 3563 398 3630 felicius
421 3562 618 3650 perficiendo,
641 3570 764 3627 veteres
780 3562 942 3629 Editiones
959 3561 1103 3628 Grotiuni
1128 3564 1245 3652 scripti,
1268 3587 1340 3653 quae

187 3664 361 3751 pressei-tim
378 3663 450 3730 vivo
467 3662 602 3728 Auctore
618 3661 716 3726 lucem
734 3662 888 3740 viderunt,
911 3661 988 3726 mihi
1004 3683 1195 3750 compsi-cre,
1217 3675 1250 3732 et
1269 3689 1340 3733 cum

186 3762 367 3837 novissimis,
393 3782 464 3848 quae
488 3761 563 3827 solm
588 3759 722 3826 omnium
747 3761 889 3827 monibus
913 3770 1069 3839 teruntur,
1094 3764 1243 3831 adcurate
1268 3788 1339 3832 con-

186 3862 280 3928 ferre.
333 3860 488 3926 Nimirum
505 3859 618 3947 saepius
634 3859 886 3936 observaverom,
905 3860 1054 3948 ejusmodi
1069 3862 1245 3940 Librorum,
1263 3886 1339 3952 quo·

186 3983 256 4027 rum
282 3983 356 4027 usus
386 3970 419 4027 et
445 3959 579 4047 pretium
609 3959 754 4046 postulet,
786 3969 824 4026 ut
849 3961 1017 4026 identidem
1050 3963 1192 4048 repetitis
1221 3964 1339 4031 vicibus

185 4061 285 4148 praels
305 4068 480 4142 exerceant,
504 4057 665 4124 Editiones
688 4058 813 4124 ultimas
835 4060 936 4125 miuus
956 4081 993 4125 so
1015 4059 1115 4126 minus
1139 4070 1240 4128 tersus
1263 4086 1338 4150 pur·

185 4169 336 4248 gotusque
351 4159 478 4248 prodire
495 4166 531 4225 ut
541 4156 722 4246 plurimumc
739 4167 862 4224 tantumn
872 4159 962 4225 obest
978 4166 1014 4226 ut
1025 4159 1088 4228 sint
1100 4161 1336 4244 emendatiores,

230 4406 238 4436 ¹
254 4408 368 4458 Prsfutlo
378 4410 518 4459 Editorlsln
529 4410 633 4473 priorem
643 4409 780 4458 Editlonrm
791 4411 858 4459 Anni
869 4413 936 4461 1720.
968 4407 1014 4459 cul
1030 4407 1157 4469 subjicitur
1172 4403 1291 4452 monitum
1307 4406 1338 4453 ds

186 4483 290 4534 editione
305 4487 449 4546 porterlcre.
