3234 5125
363 348 383 412 6
653 357 750 423 Qun)
774 356 942 423 BELLUM,
965 356 1062 423 QUID
1084 358 1161 415 JUS.
1348 359 1421 429 [Lm.
1435 363 1459 419 1.

361 521 463 612 pleno,
484 530 521 591 ut
537 520 739 603 ususfructus,
761 522 814 612 jus
836 522 996 615 pignoris:
1020 531 1055 589 et
1070 522 1232 603 creditum,
1259 522 1326 591 ⁰cni
1349 546 1389 591 ex
1405 529 1463 595 ad-

361 646 452 690 verso
469 625 637 713 respondet
653 624 801 691 debiturn.

435 725 494 791 VI.
546 724 610 790 Sed
627 725 693 790 hsce
709 724 841 790 facultas
857 744 981 789 rursum
1003 723 1119 812 duplex
1135 731 1202 790 cst:
1226 722 1368 813 volgaris
1383 726 1462 793 scili·

361 831 420 900 cet,
446 844 517 911 quse
534 843 606 889 usus
623 823 818 912 particularis
841 845 934 889 causa
959 831 1138 912 comparata
1160 831 1227 901 cst3
1255 834 1288 890 et
1312 826 1459 905 eminens,

360 944 431 1009 quae
454 922 594 1011 superior
610 932 658 992 est
674 924 748 1013 jure
764 923 897 1012 rotgeri,
918 932 1027 1011 utpote
1048 922 1260 989 communitati
1282 936 1460 1013 competens

359 1022 393 1088 in
410 1032 517 1110 partes
533 1032 566 1089 et
581 1044 633 1089 ros
648 1024 795 1113 portium,
814 1021 886 1089 boni
902 1023 1070 1089 communis
1086 1044 1188 1090 causa.
1232 1023 1284 1089 Sic
1300 1026 1390 1114 regia
1405 1048 1460 1114 po-

361 1130 458 1189 testas
479 1124 537 1190 sub
552 1145 587 1189 se
609 1124 754 1191 hebetet
771 1123 904 1210 petriam
927 1130 960 1188 et
981 1122 1164 1189 dominicum
1184 1130 1391 1209 potestatem:
1415 1127 1460 1191 sio

360 1222 411 1286 ‘in
427 1244 480 1289 res
496 1222 687 1312 singulorum
703 1222 803 1311 majus
820 1231 868 1288 est
884 1222 1051 1288 dominium
1071 1220 1170 1310 Regis
1185 1222 1227 1287 od
1247 1222 1362 1290 bonurn
1379 1246 1460 1290 conr-

361 1341 462 1400 muue,
487 1344 581 1409 quam
601 1323 795 1389 dominorum
816 1321 1037 1409 singularium:
1062 1321 1106 1387 sic
1127 1320 1305 1408 reipublice
1328 1324 1460 1412 quisque

360 1420 402 1487 sd
418 1443 491 1487 ustis
505 1422 643 1509 publicos
660 1422 760 1509 magis
775 1421 940 1509 obligatur,
959 1442 1051 1508 quam
1069 1420 1225 1487 creditori.

433 1523 508 1589 VII.
559 1522 774 1610 Aptitudincm
791 1544 866 1587 vcro
891 1512 1017 1610 11οἰξὶον,
1042 1521 1076 1588 id
1096 1529 1145 1587 est
1164 1518 1347 1610 dignitatem
1368 1529 1460 1589 vocet

361 1620 554 1687 Aristotcles.
589 1622 726 1687 Michael
742 1621 906 1708 Ephesius,
924 1621 957 1686 id
973 1621 1056 1707 quod
1070 1619 1238 1687 sowudum
1254 1642 1323 1686 cem
1340 1623 1460 1709 aequale

343 1720 482 1799 dieitur,
500 1720 727 1808 intorpretatur
744 1717 786 1788 τὸ
804 1716 1035 1816 προσαρμόζον
1050 1730 1084 1788 ei
1100 1717 1143 1789 τὸ
1159 1715 1297 1813 πρέπον,
1322 1723 1360 1787 t'd
1374 1723 1460 1809 quod

361 1821 516 1888 mevenit.

431 1918 529 1986 VIII.
577 1922 597 1985 1
632 1919 827 1987 Facultotcm
842 1920 970 2009 respicit
982 1918 1104 2009 justitie
1119 1919 1286 2008 expletrix,
1300 1940 1371 2006 quse
1387 1940 1460 2009 pro-

266 2042 273 2057 ·
360 2018 430 2105 pris
449 2028 506 2086 aut
526 2018 634 2087 stricto
646 2018 777 2108 justitiae
794 2042 907 2087 nomon
923 2020 1053 2099 obtinet,
1078 2016 1322 2101 covchhwmi
1339 2020 1459 2086 Aristo-

406 2226 510 2273 ⁶Voces
528 2225 684 2272 Cheditumet
699 2225 820 2281 Debitum,
836 2241 886 2274 non
934 2229 1045 2291 ἐχόντων
1064 2230 1144 2277 ἐστίν.
1176 2230 1245 2278 Certe
1263 2234 1392 2291 arpennis,
1412 2244 1459 2277 as-

358 2302 454 2346 tantum
466 2304 583 2359 spectant,
598 2312 628 2345 ex
641 2305 721 2346 mente
736 2301 848 2359 auctoris,
861 2302 887 2348 id
934 2318 993 2362 rsa,
1004 2310 1026 2351 et
1036 2320 1086 2366 φοι
1093 2306 1203 2365 pretiosa
1214 2306 1267 2352 aiio
1276 2306 1344 2365 apud
1351 2304 1456 2351 sabditos

359 2376 423 2435 quod
431 2376 745 2435 esquelibotcsussmtiam
755 2376 887 2435 cxdshcto,
934 2380 1104 2436 custodiuntur,
1117 2394 1197 2425 corsis
1210 2380 1253 2440 qui
1266 2384 1366 2439 recount
1378 2380 1456 2440 saec

359 2452 468 2507 debetur,
478 2450 507 2497 L.
521 2454 592 2498 11.12.
603 2450 636 2498 D.
646 2451 757 2498 Dcoerb.
773 2456 795 2498 st
807 2466 887 2499 mss
933 2458 1067 2513 matonam
1072 2452 1250 2512 possidentium.
1266 2452 1365 2510 Plinius,
1375 2454 1458 2500 Pone-

357 2526 440 2588 sr'qnif.
457 2526 513 2588 (rid.
524 2526 579 2574 intr.
589 2526 642 2574 Lib.
653 2539 683 2576 11.
693 2540 745 2587 cap.
756 2529 779 2585 4,
796 2524 810 2588 5
822 2529 845 2586 2,
861 2532 887 2575 et
933 2527 1016 2589 syrico
1027 2527 1091 2590 [erp.
1102 2528 1142 2590 ii]
1153 2544 1158 2574 :
1175 2528 1245 2586 cuitu
1253 2533 1288 2575 est
1296 2528 1414 2590 quidquid
1425 2534 1460 2580 ec

357 2617 409 2662 esp.
422 2603 457 2660 17,
468 2602 483 2662 ὃ
495 2603 526 2662 1).
546 2603 592 2649 Sed
604 2602 724 2660 etismjus
731 2603 887 2663 perincidet
934 2602 1042 2658 ονηνιίννη,
1058 2605 1149 2646 tuntum
1167 2601 1227 2660 ipsc,
1246 2606 1359 2661 quarm
1375 2615 1460 2662 omes,

357 2679 522 2739 οοῖίᾳαίίονιενι
535 2677 570 2724 ad
579 2691 682 2738 perrara,
698 2679 750 2724 heic
766 2678 886 2738 complec-
934 2674 1011 2722 habet.
1048 2673 1083 2722 lit
1099 2688 1168 2720 rnox:
1193 2673 1292 2735 Ecquid
1313 2675 1396 2722 Cesar
1413 2689 1461 2723 soa

357 2758 451 2799 tnntur.
481 2753 535 2800 th.
547 2753 709 2815 Prolegour.§
724 2755 747 2800 8.
763 2755 845 2812 infla.
861 2757 887 2800 et
934 2748 1112 2796 madeat!
1125 2749 1366 2811 [capsoqntlocns
1375 2756 1457 2799 tamon

357 2828 412 2875 Lib.
424 2841 465 2876 111.
476 2841 529 2888 cap.
539 2831 576 2876 13.
588 2828 665 2889 §1,2.
695 2829 723 2876 Ι.
733 2829 765 2877 Β.
934 2825 997 2871 mulo
1005 2825 1114 2871 adfertur
1123 2827 1149 2870 st
1157 2827 1262 2883 sptstur.
1291 2824 1372 2886 J.B.]
1388 2828 1460 2875 Adde

402 2904 459 2950 tIs
475 2917 513 2950 res
530 2905 676 2966 &nquiorem
693 2905 772 2964 majas
791 2909 826 2951 est
842 2905 886 2951 do.
934 2899 1139 2956 sarisberiensem,
1152 2899 1342 2955 isPolicrats'eo,
1357 2900 1411 2950 Lib.
1421 2915 1459 2950 rr.

356 2977 454 3026 minim
475 2978 548 3040 πρὶν]
589 2978 668 3038 Philo,
692 2981 754 3042 περὶ
773 2985 885 3040 φντονρ-
934 2976 979 3024 nt
992 2974 1028 3036 [p.
1036 2973 1101 3035 385]

358 3055 424 3114 yles.
456 3053 494 3115 [p.
505 3054 569 3115 222]
595 3055 636 3102 stul
658 3057 705 3115 priv
725 3055 835 3116 ἄργυρόν
855 3072 887 3102 το
980 3049 1099 3112 “Ἇξιάν]
1116 3051 1457 3118 Cicero,d00fflct'is,r.[csp.

357 3129 399 3175 xci
424 3129 517 3190 χρνσδς
542 3131 584 3176 stul
604 3129 653 3176 tes
675 3129 745 3176 citha
769 3129 885 3190 turquillus
934 3125 1459 3190 1⁷]:Sedst'eoatesstoqaaedmetconpo-

357 3203 428 3261 παρᾰ
435 3207 489 3249 τοῖς
497 3203 642 3264 ἀρχομένοις
650 3201 884 3263 θησαυροφυλακεῖ·
934 3203 1061 3261 rutiofiat,
1076 3204 1161 3262 quibus
1170 3206 1301 3264 plurim
1314 3204 1459 3253 tutamen

357 3295 411 3338 rus,
435 3281 487 3326 τῶν
507 3278 649 3340 ἡγουμένων
673 3279 774 3338 μᾶλλον
794 3278 810 3335 ἢ
833 3279 886 3324 τῶν
934 3275 1147 3337 offidbpn'nrt'pes
1160 3279 1215 3337 snt,
1226 3283 1321 3340 patria,
1335 3285 1357 3329 et
1368 3293 1459 3343 parcn-

412 3547 463 3600 VI.
501 3547 559 3601 But
573 3545 628 3602 this
642 3547 730 3618 Right
745 3548 768 3602 is
782 3549 866 3618 again
879 3547 1009 3603 twoiold:
1024 3545 1141 3618 Vulgar,
1154 3545 1245 3599 which
1256 3546 1340 3601 existe
1351 3545 1398 3602 for
1409 3547 1460 3604 the

357 3647 480 3701 purpose
492 3631 525 3684 of
537 3633 644 3701 private
653 3649 717 3694 nse3
732 3631 788 3685 and
796 3633 938 3696 Eminent,
945 3631 1035 3686 which
1044 3633 1068 3687 is
1077 3633 1205 3703 superior
1214 3637 1245 3685 to
1254 3631 1354 3702 vulgar
1360 3633 1460 3704 Right,

357 3715 414 3767 and
428 3715 452 3768 is
471 3713 520 3768 tho
535 3715 623 3784 Right
639 3713 730 3768 which
748 3715 798 3769 the
816 3718 990 3789 community
1003 3717 1055 3772 huc
1073 3733 1142 3771 orer
1155 3731 1271 3788 persons
1292 3715 1348 3770 aud
1362 3716 1458 3788 things

357 3799 403 3853 for
416 3797 466 3851 the
477 3797 544 3852 sake
559 3797 593 3851 of
604 3797 652 3852 the
667 3815 797 3853 common
811 3801 895 3871 good.

413 3880 490 3936 Thus
503 3881 552 3936 the
566 3882 657 3954 Royol
669 3883 814 3956 authority
824 3885 875 3939 hee
887 3883 978 3940 under
988 3887 1012 3940 it
1022 3884 1072 3942 the
1083 3885 1212 3959 paterual
1226 3885 1283 3940 and
1295 3883 1455 3939 dominical.

358 3967 397 4021 So
416 3966 467 4020 tho
486 3982 581 4038 power
596 3967 629 4022 of
646 3969 803 4041 ownership
822 3970 855 4025 of
872 3968 921 4026 the
942 3971 1095 4043 Sorcrcign
1111 3988 1180 4028 orer
1195 3971 1306 4044 private
1322 3976 1457 4041 property

357 4051 404 4106 for
417 4051 466 4107 tho
481 4069 612 4108 common
624 4055 698 4126 good
713 4055 737 4108 ie
755 4063 868 4127 greater
881 4057 951 4111 than
965 4058 1028 4114 that
1041 4058 1075 4112 of
1090 4057 1140 4113 the
1158 4057 1268 4129 privato
1283 4072 1405 4111 ornere:
1424 4071 1456 4109 so

359 4153 443 4209 every
458 4154 512 4192 one
527 4139 550 4192 is
565 4155 643 4196 more
657 4139 755 4195 bound
769 4148 799 4196 to
812 4141 862 4197 tho
877 4147 949 4198 state
960 4144 992 4198 in
1005 4144 1107 4216 rogard
1117 4150 1148 4198 to
1160 4143 1255 4216 publio
1267 4158 1330 4198 uses
1344 4141 1414 4196 thou
1424 4147 1456 4196 to

357 4223 401 4280 his
413 4223 521 4295 private
533 4226 663 4282 creditor.

409 4310 475 4364 VII.
511 4309 659 4366 AFitnoss
674 4313 697 4367 ts
711 4312 787 4368 rhet
799 4311 934 4369 Aristotic
946 4313 1013 4369 calls
1026 4311 1110 4381 ἀξίαν,
1124 4332 1142 4370 a
1155 4315 1245 4371 morel
1260 4315 1352 4369 claim.

408 4395 490 4451 VIII.
527 4403 541 4451 1
567 4396 687 4453 Adurni
707 4397 804 4464 Olaim,
823 4416 856 4454 or
869 4400 958 4472 Itight
975 4417 1086 4473 proper,
1109 4401 1226 4473 belongs
1252 4407 1283 4456 to
1304 4399 1458 4472 Expletory

356 4481 473 4548 Iustice,
488 4498 521 4537 or
534 4483 642 4541 Justice
656 4501 767 4557 proper.
815 4487 883 4541 This
906 4487 930 4541 is
951 4487 1026 4542 what
1040 4486 1175 4544 Aristotle
1194 4487 1262 4542 calls
1282 4483 1459 4542 &mussat
