3234 5125
177 348 296 419 0sr.1.]
468 350 563 416 QUID
587 350 754 416 BELLUM,
779 349 876 415 QUID
899 350 977 406 JUS.
1253 343 1272 406 9

175 518 259 605 quod
280 518 342 595 lex,
364 516 487 604 quoties
505 540 565 584 rex
586 517 666 607 legis
687 517 861 609 largissime
883 517 1024 596 sumitur,
1047 526 1083 585 ut
1101 518 1143 585 sit
1162 518 1274 609 regule

175 626 299 684 ectuum
317 617 477 684 moralium
493 617 633 707 obligans
648 618 691 684 ed
706 617 738 687 id
755 618 840 705 quod
854 626 974 683 rectum
990 625 1046 684 est.
1099 617 1273 707 obligatio-

176 739 247 783 nem
263 716 465 803 requirimus:
493 739 565 783 num
581 716 714 795 consilis,
727 720 778 783 8et
794 717 822 783 si
838 739 901 805 que
912 725 985 784 suut
1000 716 1063 783 elis
1079 718 1273 806 prescripta,

175 816 306 883 honeste
322 816 455 906 quidem,
471 817 527 883 sed
543 839 606 883 uon
623 816 800 906 obligantis,
817 816 897 906 legis
911 825 967 883 sut
976 816 1057 904 juris
1071 816 1194 883 nomine
1210 840 1274 885 uon

176 916 313 983 vomunt
363 916 528 983 Permissio
549 925 654 983 eutem
675 916 801 1004 proprie
823 938 886 982 non
910 914 990 982 sotio
1018 925 1066 983 eet
1089 916 1178 1007 legis,
1200 917 1273 984 ⁹sed

176 1014 305 1083 ectioms
331 1015 466 1105 negatio,
496 1015 554 1081 nisi
579 1023 731 1103 quotenus
759 1016 854 1082 ulium
878 1016 920 1082 sb
944 1038 982 1081 eo
1008 1016 1058 1083 eui
1082 1016 1273 1103 permittitur

177 1113 294 1205 obliget
309 1137 349 1181 ue
371 1114 625 1203 impedimentum
647 1123 751 1203 ponet
798 1114 943 1182 Diximus
962 1124 1076 1194 eutem,
1095 1116 1138 1182 ed
1154 1125 1274 1182 rectum

176 1214 326 1305 obliguus,
349 1237 412 1281 non
434 1214 613 1303 simpliciter
637 1215 679 1281 ed
697 1213 826 1302 justum,
854 1216 927 1301 quie
952 1213 1029 1302 mjus
1053 1216 1114 1281 hec
1137 1215 1273 1295 notione,

176 1335 238 1380 non
252 1314 293 1380 ud
307 1315 400 1381 solius
414 1314 555 1403 justitie,
573 1314 695 1403 quulem
712 1313 918 1401 exposuimus,
942 1314 1048 1382 sedet
1066 1314 1198 1383 uberum
1213 1315 1275 1383 rir-

176 1421 278 1480 tutum
294 1413 456 1481 materiem
472 1415 617 1502 pertinet.
661 1415 811 1481 Attamen
828 1414 869 1480 sb
883 1414 942 1481 hoc
953 1414 1036 1502 jure,
1054 1414 1138 1503 quod
1153 1422 1275 1483 rectum

177 1521 234 1591 eet,
251 1513 351 1581 lexius
361 1513 481 1602 justum
498 1514 621 1583 dicitur.

244 1615 266 1679 2
298 1612 386 1680 Juris
407 1613 453 1679 ite
472 1612 590 1701 accepti
607 1613 724 1700 optime
740 1613 868 1701 pertitio
884 1622 941 1693 est,
963 1636 1034 1701 quae
1050 1615 1135 1704 epud
1154 1615 1274 1682 Aristo·

175 1711 269 1779 telem
293 1720 405 1788 exstet,
432 1714 484 1778 ¹ut
507 1713 548 1780 sit
579 1712 664 1778 uliud
685 1712 738 1799 jus
762 1714 914 1791 nutumle,
944 1713 1029 1780 eliud
1056 1715 1274 1791 voluntarium,

175 1811 262 1897 quod
284 1810 336 1875 ilie
356 1810 528 1897 legitimum
544 1820 645 1887 uocet,
666 1810 745 1899 legis
763 1812 913 1877 vocabulo
934 1811 1071 1878 strictius
1086 1813 1204 1899 posito:
1228 1813 1276 1877 in-

175 1908 302 1976 terdum
327 1917 360 1976 et
382 1906 425 1977 τό
447 1905 483 1977 ἑν
501 1905 607 1999 τάξει,
633 1909 841 1976 constitutum.
894 1910 986 1976 Idem
1006 1910 1170 1975 discrimen
1191 1911 1276 1997 epud

177 2008 336 2074 Hebraeos
350 2008 489 2095 reperire
507 2017 563 2087 est,
584 2007 656 2096 ²qui
671 2030 741 2073 cum
758 2006 902 2076 dietmcte
916 2008 1095 2096 loquuntur,
1116 2009 1170 2097 jus
1185 2018 1276 2075 netu-

175 2108 242 2175 rele
257 2117 371 2176 vocent
386 2112 503 2184 ”stim
512 2107 565 2195 jus
582 2107 782 2174 coustitutum
798 2120 890 2197 Opill,
908 2130 1041 2196 quorum
1056 2109 1134 2176 illud
1150 2102 1273 2179 δικαιώ-

176 2238 279 2287 ματα,
298 2208 357 2275 hoc
373 2203 514 2278 ἐντολὰς
530 2208 631 2275 solent
645 2215 770 2277 vertere
786 2208 980 2276 Hellenistae.

177 2380 276 2429 cheut.
287 2380 340 2427 Lib.
352 2394 371 2427 ι.
381 2380 473 2441 ceput.
486 2380 500 2441 ξ
512 2382 533 2427 1.
553 2379 581 2427 J.
591 2380 624 2427 B.
795 2378 803 2409 ¹
820 2380 850 2427 Iu
866 2381 951 2430 Etbie.
966 2382 1001 2429 ud
1012 2382 1106 2430 Nicone.
1122 2383 1178 2431 Lib.
1189 2398 1212 2430 v.
1222 2398 1276 2445 esp.

221 2455 232 2485 ⁹
252 2457 435 2505 Permissienem
462 2470 512 2505 uon
536 2472 588 2505 esse
610 2468 701 2503 meum
750 2471 774 2504 x.
806 2455 854 2504 Sed
868 2462 1005 2519 utrumqne,
1020 2460 1152 2506 secuudum
1168 2460 1277 2507 Pbiloso.

176 2532 276 2580 ationis
300 2533 460 2595 negetionem,
484 2547 500 2580 s
527 2538 597 2595 perte
621 2531 702 2594 Legis,
750 2533 1004 2595 phumpsrtemfscit
1017 2535 1089 2584 reu
1103 2535 1197 2595 diutim,
1212 2538 1278 2598 qnod

177 2611 322 2658 ostendimus
331 2611 362 2656 sd
371 2611 541 2659 Pururnosss.
555 2610 609 2657 Lib.
619 2623 637 2655 1.
648 2623 701 2669 esp.
750 2612 821 2656 voest
831 2611 1087 2671 ΔικαιονΠολιτικὸν,
1097 2616 1126 2659 ut
1135 2627 1171 2670 es,
1181 2613 1212 2659 de
1221 2613 1276 2673 qul·

177 2685 209 2732 ri.
220 2683 235 2745 5
245 2687 282 2733 15.
298 2684 355 2731 Not.
366 2687 388 2742 2,
398 2690 423 2732 et
432 2686 463 2732 de
473 2699 502 2732 ee
510 2699 537 2732 re
546 2685 640 2746 plenius
649 2683 700 2744 cgi-
750 2685 796 2731 bus
805 2685 894 2744 egitur,
903 2685 1006 2731 Δίκαιον
1015 2686 1131 2745 Φυσικὸν,
1139 2691 1165 2733 et
1175 2687 1278 2734 Δίκαιον

177 2773 230 2808 mun
249 2761 274 2807 lu
291 2761 362 2808 Notis
379 2760 478 2808 Gellicis
494 2761 525 2808 nd
540 2761 604 2808 hune
622 2759 702 2808 Grotil
750 2758 873 2818 Νομικόν.
896 2755 1014 2819 Adeoque
1023 2758 1105 2819 paullo
1113 2759 1184 2807 sliter
1193 2761 1277 2807 divisio

178 2836 346 2884 ncstsilocum.
377 2835 405 2883 J.
415 2836 448 2884 Β.
751 2833 866 2879 Auctoris
875 2833 1101 2879 nestrlsesebsbet.
1125 2832 1192 2881 m.

222 2919 241 2946 ¹¹
254 2911 302 2959 Jus
327 2913 372 2958 leuc
395 2911 494 2968 ιιοιίοοο,
519 2908 573 2969 etc]
612 2908 702 2955 Exem-
796 2906 876 2952 'Hoc
891 2905 1078 2952 dlscrlmennou
1093 2920 1187 2967 semper
1197 2910 1278 2956 obser.

177 2987 245 3048 plum
261 2987 293 3034 sit
309 2987 333 3032 iu
344 2986 441 3033 Zuleuci
455 2985 517 3044 lege,
532 2997 629 3043 poensm
641 2983 702 3028 irru-
751 2982 872 3042 seriipse
884 2982 1108 3038 suetorfstetur,iu
1118 2981 1236 3032 Aduolat.
1246 2986 1278 3031 sd

178 3067 251 3124 geute
265 3063 288 3110 ei
298 3063 339 3122 qul
354 3065 439 3108 coutrs
453 3057 542 3106 Medici
556 3061 702 3119 preceptum
752 3057 813 3103 Luc.
828 3055 845 3101 i.
860 3055 889 3113 63
908 3055 971 3103 Vide
985 3058 1011 3102 et
1027 3055 1092 3103 Clsr.
1109 3056 1237 3117 clericum,
1251 3059 1278 3106 in

178 3139 259 3186 riuum
280 3138 388 3185 bibisset.
419 3135 512 3196 [Habet
531 3147 561 3180 ex
581 3133 703 3190 AEnuro,
754 3131 950 3180 Genes.xxsi.6.
975 3130 1047 3181 m,

185 3213 242 3260 Vas.
251 3213 316 3260 fflst.
326 3225 357 3259 ιι.
366 3213 403 3259 87.
426 3210 498 3257 Adde
508 3208 597 3256 liotsm
607 3209 704 3254 Perizo-
798 3213 809 3239 ⁰
824 3206 980 3267 muniueru-
992 3207 1277 3258 sustenementum

180 3289 214 3336 nii
222 3289 248 3335 in
257 3300 298 3335 ιιι.
308 3290 346 3336 ss
362 3285 470 3347 ejusdem
480 3283 602 3332 Auctoris.
621 3283 649 3332 J.
658 3281 703 3343 B.]
751 3295 792 3330 ιιι.
802 3282 909 3329 ductoris
918 3282 1079 3330 dubitantium
1088 3298 1141 3345 esp.
1151 3286 1216 3332 xxvi.

180 3499 230 3554 the
242 3497 291 3571 big
301 3497 359 3570 bey
369 3495 419 3552 the
430 3496 523 3568 lsrger
536 3501 609 3561 cont,
620 3493 710 3550 which
724 3493 864 3567 belonged
876 3499 908 3549 to
921 3492 971 3548 tbe
982 3493 1056 3550 little
1066 3493 1137 3568 bey:
1155 3493 1276 3552 bessum

180 3583 224 3640 his
237 3584 365 3640 business
378 3599 433 3638 nes
446 3583 598 3655 expletory,
611 3587 663 3637 not
678 3581 842 3637 attributive
851 3581 962 3652 justice.

233 3670 286 3725 IX.
324 3675 339 3723 1
363 3669 416 3724 Jus
432 3666 483 3724 hes
502 3685 521 3722 e
538 3666 616 3723 third
637 3667 830 3740 signification,
852 3667 1064 3739 meaningless
1080 3667 1111 3721 in
1124 3668 1161 3724 ite
1173 3667 1278 3740 lsrgest

180 3771 269 3821 sense,
278 3755 401 3826 usmely,
415 3754 458 3810 “e
470 3755 545 3810 ltule
559 3753 593 3809 of
602 3754 692 3809 morsi
705 3760 765 3809 sets
779 3753 904 3825 obligiug
917 3760 947 3810 ιο
962 3753 1038 3809 whst
1051 3754 1075 3810 is
1088 3754 1192 3828 right.’'

232 3841 399 3914 “Oblipisspi'
415 3841 439 3895 is
454 3857 600 3912 necessary
614 3846 644 3895 to
658 3840 715 3895 this
729 3840 931 3912 signification:
953 3840 1001 3896 for
1013 3857 1092 3897 mere
1109 3842 1232 3898 counsel
1244 3858 1278 3897 or

181 3927 288 3983 Adrion
302 3929 326 3983 ie
340 3933 392 3982 not
402 3926 535 3981 included
549 3927 579 3979 in
586 3926 639 3982 Jus
652 3926 773 3993 orLesrr
788 3925 844 3981 end
856 3926 1059 3982 Pennissionis
1073 3933 1125 3984 not
1138 3928 1213 3994 Len,
1225 3928 1278 3984 but

180 4014 231 4070 the
243 4013 363 4070 sbsenoe
377 4013 411 4068 ol
423 4013 498 4078 Lew,
512 4018 612 4085 except
626 4027 657 4068 so
671 4010 717 4066 ier
730 4028 761 4067 es
780 4013 804 4067 it
824 4011 931 4084 obliges
945 4012 1028 4068 etber
1040 4029 1157 4085 persons
1173 4022 1225 4070 not
1246 4021 1278 4071 ιο

181 4100 301 4170 impede.

233 4183 391 4258 “Obliging
409 4191 440 4240 to
459 4183 534 4240 wbst
547 4185 571 4240 ie
586 4182 683 4256 ripis?
701 4189 752 4240 not
772 4191 803 4240 to
821 4183 896 4239 whst
913 4184 938 4240 is
954 4186 1031 4256 just3
1051 4185 1099 4242 lor
1111 4186 1163 4241 Jus
1176 4185 1207 4239 iu
1220 4184 1278 4240 this

181 4268 368 4341 signification
383 4271 450 4327 does
468 4277 520 4327 not
534 4270 647 4325 include
658 4271 738 4326 strict
751 4271 860 4326 Justice
874 4271 989 4344 merely,
999 4271 1051 4326 but
1064 4272 1115 4327 the
1129 4276 1234 4325 mutter
1247 4269 1281 4323 of

182 4355 266 4413 other
278 4355 391 4411 virtues.
427 4357 485 4413 Yet
498 4357 573 4412 visst
584 4357 608 4411 is
621 4356 698 4428 right
712 4357 736 4412 is
750 4358 910 4413 sometimes
924 4357 1030 4429 looeely
1044 4357 1135 4411 cslled
1143 4357 1211 4428 just.

235 4447 252 4496 2
275 4441 338 4497 The
355 4441 418 4497 best
441 4442 654 4499 distinctiones
672 4443 739 4497 Lesr
755 4444 786 4497 in
803 4443 859 4498 this
877 4444 994 4515 general
1011 4457 1100 4506 sense,
1121 4440 1146 4493 ie
1168 4438 1232 4494 thet
1249 4437 1283 4494 ol

182 4527 324 4595 Aristotle,
337 4528 399 4585 inte
411 4527 531 4586 Neturel
547 4529 622 4596 Len,
636 4527 693 4584 end
706 4529 864 4602 Voluutury
876 4544 909 4583 or
919 4527 1007 4599 Legsl
1020 4527 1087 4580 Lew
1101 4521 1146 4594 [or
1156 4524 1281 4582 Positire
