3234 5125
318 259 384 326 216
558 263 619 329 ¹‘DE
641 273 756 329 BELLI
777 273 921 338 cnus1s,
942 273 992 328 ΕΤ
1014 271 1174 328 PRIMUM
1294 269 1365 340 [Lm.
1380 271 1418 328 II.

321 438 455 506 alienum
477 437 611 506 videtur.
662 439 745 505 Nam
766 438 867 504 honor
893 445 941 504 est
967 437 1071 526 opinio
1096 436 1137 503 de
1159 433 1359 504 excellentia:
1383 445 1419 505 at

321 537 374 624 qui
391 537 485 604 talem
502 537 565 605 fert
581 537 735 625 injuriam,
758 537 785 603 is
810 537 980 625 patientem
1002 559 1036 602 ιι
1055 535 1244 602 excellenter
1261 537 1414 604 ostendit:

319 645 415 723 atque
430 636 500 704 ideo
517 638 666 703 honorem
681 646 778 724 auget
793 637 902 725 magis,
920 657 1014 722 quam
1033 635 1161 701 minuit:
1187 656 1245 700 nec
1260 636 1369 713 refert,
1389 635 1417 701 si

321 736 447 820 quidam
473 746 619 823 corrupto
641 736 757 823 judicio
782 735 931 802 virtutem
956 735 1036 800 hanc
1061 733 1093 799 in
1115 733 1265 821 probrum
1281 733 1418 800 confictis

322 834 496 900 nominibus
512 835 700 901 traducente
727 856 878 923 perversa
900 833 983 902 enim
1003 831 1057 898 illa
1069 833 1188 918 judicia
1203 854 1261 898 nec
1276 855 1344 898 rem
1359 855 1417 898 nec

320 933 368 998 rei
385 933 619 1000 aestimationem
635 933 809 999 immutant
862 931 929 998 Nec
947 931 1115 998 Christiani
1135 941 1257 998 veteres
1273 932 1333 997 hoc
1349 940 1417 998 tau·

320 1041 388 1096 tum
405 1032 559 1110 uiderunt,
577 1031 632 1098 sed
650 1042 683 1097 ιι
696 1030 880 1118 philosophi,
894 1030 947 1118 qui
960 1030 1107 1097 dixerunt
1121 1030 1223 1118 pusilli
1239 1052 1306 1097 esse
1322 1029 1420 1096 animi-

320 1131 537 1197 oontumeliam
553 1130 638 1196 ferre
653 1152 716 1196 non
733 1152 833 1216 posse,
849 1138 885 1195 ut
900 1129 975 1195 alibi
989 1128 1186 1195 ostendimus.
1428 1217 1430 1220 Ι

397 1232 420 1295 3
455 1229 540 1296 Hinc
565 1229 659 1295 etiam
682 1229 788 1316 liquet,
813 1250 905 1314 quam
928 1250 991 1294 non
1007 1228 1201 1318 probandum
1221 1225 1271 1308 sit,
1296 1229 1416 1315 quoda

158 1341 218 1425 poso.
195 1342 298 1387 aaut
322 1326 482 1441 plerisque
505 1336 553 1394 ιιι
579 1327 740 1407 traditum,
770 1327 979 1393 defensionem
1006 1349 1076 1393 cum
1106 1324 1321 1394 interfectione
1349 1349 1416 1394 esse

156 1399 280 1525 *yzibuy‘
322 1425 482 1508 licitam,
468 1447 542 1512 Jure
567 1425 683 1491 scilicet
707 1425 813 1492 divino
841 1427 926 1510 (nam
951 1425 991 1491 de
1017 1425 1083 1490 solo
1108 1425 1261 1491 naturoe'
1248 1448 1330 1512 Jsre,
1354 1448 1416 1513 qne

157 1526 309 1616 ’ΜΨ
323 1522 423 1590 minus
447 1523 492 1591 ita
514 1524 564 1602 sit,
585 1546 649 1590 non
674 1523 811 1611 disputo)
798 1523 929 1608 )etiam
945 1522 972 1588 si
988 1523 1057 1609 quis
1071 1524 1222 1612 fugere
1198 1545 1265 1590 srne
1280 1525 1416 1612 periculo

155 1573 253 1712 ν’ἓξὲ,
261 1668 286 1707 1,
322 1623 431 1709 possit,
454 1622 528 1710 quia
544 1624 621 1712 suga
636 1622 775 1689 seilicet
766 1621 971 1737 ignominiosa
991 1623 1041 1698 sit,
1066 1622 1100 1687 in
1124 1621 1219 1688 nobili
1242 1623 1415 1710 praesertim

156 1711 331 1851 {4¹25st
282 1716 311 1755 ¹⁴
306 1721 455 1788 homine.
507 1722 609 1808 Atqui
634 1721 720 1787 nulla
743 1721 829 1786 hic
819 1720 987 1810 ignominia
1009 1729 1066 1797 est,
1091 1721 1147 1787 sed
1170 1721 1249 1786 falsa
1272 1722 1415 1808 quaedam

290 1809 499 1909 ignominiae
521 1821 633 1909 opinio,
654 1819 831 1908 spernenda
850 1820 890 1887 ab
910 1818 1086 1886 omnibus”
1067 1842 1114 1897 us,
1140 1819 1193 1906 qui
1209 1820 1357 1887 virtutem
1382 1830 1416 1888 et

320 1920 503 2006 sapientiam
533 1929 713 1986 sectantur·
749 1918 870 2005 quain
902 1940 938 1983 re
965 1918 1088 2006 gaudeo
1119 1941 1169 1984 me
1197 1919 1415 1986 assentientem

158 2039 187 2078 ι
176 2042 261 2127 Ama
270 2017 437 2085 achabere
464 2019 547 2086 inter
572 2018 815 2085 Jurisccnsultos
842 2017 988 2083 Carolum
1015 2017 1204 2084 Molinseum.
1256 2019 1348 2096 Quod
1375 2018 1416 2084 de

156 2087 248 2170 ¹¹t'⁰⁰
247 2099 297 2129 ''⁸''
318 2116 411 2203 alapa
440 2118 575 2205 otinga
603 2115 679 2198 dixi,
707 2115 790 2181 idem
819 2115 935 2181 dictum
963 2114 1033 2181 volo
1063 2117 1104 2181 de
1130 2115 1198 2182 aliis
1222 2118 1326 2195 rebus,
1355 2138 1414 2204 per

319 2235 397 2300 quas
413 2236 490 2280 vera
503 2214 689 2280 existimatio
705 2235 768 2279 non
784 2213 919 2279 laditur.
962 2214 1089 2292 Quid's1
1107 2236 1181 2281 vero
1200 2214 1284 2280 dieat
1304 2216 1415 2303 aliquis

319 2311 359 2376 de
382 2311 480 2388 nobis,
507 2312 591 2398 quod
616 2311 768 2377 creditum
790 2312 874 2399 apud
892 2313 988 2378 bonos
1003 2312 1257 2380 existimationem
1275 2322 1414 2380 nostram

319 2408 504 2476 delibaret?
551 2411 647 2476 Hune
679 2432 803 2497 quoque
828 2410 924 2477 occidi
954 2433 1044 2498 posse
1072 2420 1145 2477 sunt
1174 2411 1228 2498 qni
1261 2413 1414 2480 doceant:

204 2559 210 2570 .
240 2544 253 2572 ι
290 2563 295 2574 .
318 2508 464 2575 mendose
487 2510 664 2587 admodum,
682 2517 715 2575 et
731 2518 840 2576 contra
856 2517 978 2576 naturae
995 2531 1118 2598 quoque
1136 2510 1203 2598 jus:
1230 2532 1302 2577 nam
1318 2512 1415 2579 inter-

214 2588 236 2618 m
266 2582 285 2621 α
317 2607 409 2673 lectio
425 2608 486 2675 ista
502 2631 564 2675 non
581 2617 630 2675 ιιι
645 2609 755 2675 modus
770 2618 864 2696 aptus
879 2609 921 2674 ad
938 2610 1086 2677 tuendam
1103 2610 1368 2679 existimationem.

361 2766 373 2797 ⁰
387 2766 450 2815 Vide
466 2780 547 2827 snpra,
562 2767 617 2815 Lib.
635 2780 656 2816 1.
672 2780 724 2827 esp.
738 2766 772 2813 ιιι.
788 2765 802 2826 5
817 2768 839 2813 ι.
936 2770 944 2801 ῑ
953 2766 988 2813 Et
997 2766 1052 2813 inda
1061 2770 1138 2814 ιιιιιια
1148 2768 1186 2814 ιιι
1195 2780 1245 2815 ιιι.
1259 2768 1417 2831 Tabales-sss]

315 2856 381 2890 num.
391 2844 415 2891 ι.
444 2842 472 2890 J.
483 2843 515 2889 Β.
892 2841 957 2889 Addi
967 2846 1048 2902 petest
1055 2842 1094 2889 lca·
1103 2842 1294 2903 Wisigotharum
1299 2844 1415 2892 librovrr.

317 3077 349 3117 so
360 3059 498 3115 increases
506 3058 551 3115 his
563 3060 674 3114 honour
684 3059 781 3115 rather
792 3058 861 3114 than
873 3058 1044 3114 diminishes.
1075 3058 1138 3113 Nor
1152 3058 1219 3114 does
1230 3059 1254 3113 it
1263 3059 1346 3115 matre
1359 3075 1418 3131 any

317 3144 468 3200 differsnee
479 3145 506 3199 if
516 3161 594 3200 some
606 3145 640 3199 of
650 3151 766 3216 corrupt
775 3144 925 3216 Judgment
935 3151 1003 3199 turn
1017 3144 1072 3199 this
1084 3144 1174 3199 virtue
1188 3145 1248 3199 into
1260 3160 1278 3197 a
1289 3144 1415 3216 disgrace

316 3231 355 3302 by
368 3230 498 3285 artificial
508 3247 622 3286 names:
646 3230 692 3285 for
709 3229 789 3285 those
800 3245 931 3303 perverse
941 3228 1104 3301 judgments
1121 3228 1233 3284 neither
1244 3228 1351 3301 change
1365 3229 1415 3285 the

316 3316 376 3371 fact
389 3333 442 3371 nor
453 3316 489 3372 its
500 3316 589 3372 valna
626 3314 691 3371 And
706 3322 758 3370 not
772 3316 840 3389 only
851 3315 899 3370 the
914 3316 1027 3370 ancient
1041 3314 1194 3370 thraciana
1208 3314 1269 3369 said
1284 3314 1348 3379 this,
1362 3316 1415 3369 but

316 3402 376 3457 also
390 3401 440 3457 the
453 3402 655 3474 philosophare,
667 3402 730 3456 who
744 3402 805 3457 said
816 3402 840 3456 it
851 3416 906 3457 was
917 3400 967 3456 the
982 3406 1046 3472 part
1063 3400 1097 3455 of
1104 3417 1122 3454 a
1135 3399 1209 3455 little
1225 3398 1304 3455 mind
1317 3406 1368 3455 not
1383 3406 1414 3455 to

316 3487 353 3543 be
366 3488 430 3544 able
444 3494 474 3542 to
485 3488 555 3543 bear
565 3488 734 3560 contumely,
745 3501 776 3542 as
788 3504 830 3541 we
840 3486 913 3542 shall
927 3485 1001 3542 show
1016 3485 1174 3541 elsewhere.

372 3578 389 3628 3
411 3574 509 3627 Hence
523 3574 548 3627 it
561 3589 679 3643 appears
693 3572 753 3626 also
767 3571 830 3626 that
842 3571 905 3626 that
918 3573 942 3626 ιι
959 3588 1055 3642 wrong
1072 3570 1162 3626 which
1174 3571 1198 3625 is
1217 3569 1358 3626 delivered
1375 3570 1415 3641 by

315 3663 390 3712 most
401 3659 516 3721 writers,
527 3656 590 3711 that
601 3656 717 3711 defense
728 3656 796 3710 with
806 3656 914 3727 slaying
925 3656 949 3710 ia
959 3656 1062 3722 lswful,
1074 3655 1136 3711 that
1147 3657 1170 3711 is
1179 3655 1217 3726 by
1225 3656 1328 3711 Divina
1338 3656 1415 3720 Law,

316 3739 401 3806 (iorI
416 3742 453 3795 do
467 3746 519 3795 not
533 3741 648 3812 disputa
660 3739 724 3794 that
737 3741 761 3794 it
774 3741 798 3795 ιι
816 3740 855 3813 by
868 3741 989 3795 Natural
1005 3736 1092 3807 Lana)
1107 3741 1187 3796 when
1201 3740 1282 3811 flight
1296 3739 1416 3796 without

316 3825 424 3895 danger
437 3825 461 3878 ιι
476 3826 612 3894 possible:
639 3826 761 3896 namely,
776 3825 898 3880 because
911 3825 993 3897 flight
1010 3828 1033 3882 is
1051 3827 1247 3898 ignominiosa,
1264 3826 1415 3897 especially

315 3911 346 3963 in
358 3926 375 3963 a
388 3924 456 3962 man
470 3909 505 3963 of
518 3910 603 3965 noble
616 3910 725 3982 family.
762 3910 797 3964 In
814 3910 893 3965 truth
907 3910 988 3967 there
1003 3914 1035 3977 is,
1049 3912 1127 3977 then,
1144 3929 1182 3966 no
1194 3912 1346 3983 ignominy,
1361 3911 1416 3967 but

314 4012 333 4049 a
343 3994 415 4048 false
429 3994 544 4065 opinion
556 3995 590 4049 of
600 3996 751 4068 ignominy,
763 3995 837 4051 teba
850 3997 979 4068 despised
992 3998 1031 4070 by
1045 3998 1126 4054 those
1140 3997 1201 4052 who
1216 3996 1310 4051 follow
1323 3998 1416 4053 virtue

314 4079 373 4135 and
383 4078 506 4135 wisdom.
533 4080 568 4134 In
581 4080 638 4135 this
649 4086 754 4136 matter
765 4080 780 4135 1
790 4082 893 4155 rejoioe
907 4082 970 4138 that
982 4084 997 4139 1
1010 4083 1082 4139 have
1094 4082 1161 4139 with
1172 4099 1219 4137 me
1231 4082 1280 4137 the
1292 4082 1417 4154 opinion,

313 4181 417 4236 among
431 4165 479 4220 tho
493 4166 604 4231 Jurists,
618 4166 651 4221 oi
659 4166 815 4222 Molinaeus.

366 4252 453 4306 What
466 4250 481 4305 1
496 4250 566 4306 have
580 4252 642 4306 said
655 4252 689 4307 oi
703 4269 721 4306 s
735 4252 825 4308 butiet
838 4253 895 4307 and
909 4252 942 4308 of
956 4252 1045 4325 ssight,
1064 4255 1088 4309 is
1103 4259 1134 4309 to
1148 4254 1184 4309 bs
1198 4252 1372 4309 understood
1386 4252 1419 4307 oi

314 4335 397 4393 other
411 4336 514 4409 things,
527 4338 567 4411 by
577 4336 667 4393 which
678 4354 731 4392 our
744 4344 808 4393 true
823 4339 983 4394 estimation
995 4340 1019 4393 ιι
1033 4347 1085 4394 not
1099 4338 1245 4410 damaged.

367 4424 426 4478 But
439 4422 466 4477 ιι
483 4440 540 4497 any
561 4440 616 4481 one
637 4440 685 4497 say
707 4423 865 4495 something
886 4424 919 4479 ot
938 4442 979 4491 us,
1001 4424 1092 4479 which
1114 4422 1296 4488 iibelieved,
1320 4420 1416 4479 would
