3234 5125
167 353 235 408 (lar.
249 350 302 419 11.]
362 351 417 409 AN
438 351 614 408 BELhdei
636 354 807 420 UNQUAM
827 355 983 413 JUSTUM
1004 356 1073 413 SIT.
1178 376 1183 383 ·
1224 350 1267 415 hl

238 522 259 584 3
295 519 470 585 Secundum
502 529 720 609 argumentum
749 522 872 610 praehet
903 522 992 589 nobis
1020 521 1048 589 is
1075 522 1143 611 ipse
1172 522 1269 604 loeus,

167 617 255 705 eujus
283 627 406 705 partem
434 618 604 697 citavimus,
631 621 673 687 ad
695 622 787 687 Rom.
813 621 880 686 xiii.
904 622 958 688 ubi
980 630 1120 709 potestas
1138 645 1268 701 summa,

166 717 268 804 qualis
283 726 333 805 est
348 717 446 806 regia,
464 740 484 784 a
500 721 571 785 Deo
587 742 654 786 esse
670 719 793 798 dieitur,
817 729 851 785 et
868 720 931 785 Dei
947 721 1101 787 ordinatio
1118 730 1269 801 vooatur;

168 817 252 882 unde
274 816 418 894 insertur,
445 818 474 883 ei
499 827 532 884 et
556 819 728 904 parendum
752 828 785 884 et
805 820 955 885 honorem
981 821 1214 900 exhibendum
1237 831 1271 888 et

169 914 293 1001 quidem
311 938 351 981 ex
374 915 496 984 animo:
519 926 552 983 et
576 918 630 1004 qui
655 918 685 983 ei
707 918 833 995 resistit,
851 940 923 984 eum
939 921 1009 984 Deo
1025 920 1183 985 resistere.
1235 921 1271 987 Si

169 1014 373 1081 ordinationis
388 1037 465 1081 voee
484 1036 536 1082 ree
557 1016 795 1105 intelligeretur,
826 1038 920 1102 quam
944 1020 1032 1084 Deus
1059 1026 1181 1085 tantum
1207 1042 1271 1084 non

170 1113 240 1179 vult
264 1112 425 1201 impedire,
446 1116 599 1201 quomodo
624 1138 658 1181 se
681 1118 768 1182 Deus
793 1117 891 1182 habet
914 1117 995 1182 eirea
1018 1128 1106 1183 aetus
1134 1117 1270 1195 vitiosos,

135 1196 145 1215 ’
165 1211 233 1299 jam
249 1211 322 1278 inde
338 1212 423 1279 nulla
439 1215 575 1291 honoris,
601 1214 686 1281 nulla
706 1215 900 1292 obedientior,
925 1216 968 1281 ad
984 1216 1121 1281 animum
1137 1217 1271 1283 maxime

170 1311 363 1397 pertinentis,
381 1312 529 1401 obligatio
551 1322 753 1399 sequeretur;
781 1336 839 1380 neo
859 1314 1021 1402 quiequam
1042 1315 1162 1382 dioeret
1187 1318 1272 1403 Apo-

171 1410 277 1488 stolus,
300 1412 354 1477 ubi
377 1411 459 1478 hano
483 1420 668 1501 potestatem
696 1422 860 1499 tantopere
888 1414 1038 1501 prsedieat
1066 1424 1163 1502 atque
1189 1437 1271 1481 oom-

172 1510 308 1588 mendat,
333 1510 418 1596 quod
442 1533 505 1577 non
529 1511 698 1577 latrociniis
720 1520 753 1577 et
772 1511 865 1577 furtis
884 1512 1070 1579 eonveniret
1122 1513 1271 1600 Sequitur
1331 1570 1336 1578 .

172 1629 258 1696 ergo,
287 1617 324 1675 ut
349 1608 493 1675 ordinata
520 1611 590 1677 haee
619 1620 758 1698 potestas
790 1611 950 1677 voluntate
984 1611 1047 1677 Dei
1077 1613 1272 1699 approbante

171 1704 384 1795 intelligatnr;
410 1707 494 1774 unde
520 1730 614 1795 porro
638 1708 781 1785 infertur,
810 1730 880 1774 eum
909 1710 997 1775 Deus
1025 1709 1085 1776 sibi
1114 1711 1273 1777 contraris

170 1824 235 1871 non
252 1804 338 1881 velit,
353 1805 434 1870 hano
449 1814 634 1893 potestatem
651 1828 720 1872 oum
737 1805 897 1872 voluntate
913 1806 974 1872 Dei
991 1828 1048 1893 per
1065 1808 1273 1895 Evangelium

170 1902 315 1971 revelata
331 1910 364 1967 et
381 1924 486 1968 omnes
501 1903 641 1970 homines
658 1904 825 1991 obligante,
848 1925 911 1970 non
926 1925 1081 1993 pugnare.-

249 2004 272 2065 4
305 2001 417 2087 Neque
433 2001 559 2068 eliditur
582 2003 642 2068 hoo
664 2010 882 2090 argumentum
905 2024 953 2080 eo,
975 2003 1060 2089 quod
1086 2002 1194 2090 quiin
1217 2003 1274 2069 im-

173 2098 268 2187 periis
286 2109 378 2166 erant
397 2120 435 2166 eo
456 2109 596 2188 tempore
618 2123 688 2167 oum
712 2102 781 2166 haeo
804 2101 920 2167 Paulus
942 2101 1102 2180 scriberet,
1128 2103 1274 2170 dicuntur

169 2198 265 2264 alieni
277 2197 371 2265 inisse
387 2221 407 2265 a
421 2200 599 2266 christiam
611 2200 743 2287 pietatm
760 2221 833 2266 nam
847 2199 982 2287 primum
997 2200 1031 2265 id
1042 2200 1088 2267 ita
1104 2202 1274 2269 universim

174 2318 282 2363 verum
314 2319 376 2363 nen
409 2307 466 2365 est
521 2299 603 2364 Nam
638 2298 768 2388 Sergius
803 2298 919 2365 Paulus
953 2299 1055 2387 Cypri
1073 2301 1274 2413 'Proprsetor

175 2394 300 2461 Christo
316 2417 428 2462 nomen
444 2397 565 2486 pridem
582 2397 723 2475 dederat,
741 2398 848 2463 Aetor.
866 2397 929 2462 xiii.
948 2400 1000 2463 12.
1018 2407 1055 2464 ut
1066 2398 1134 2485 jam
1151 2408 1271 2466 taceam

171 2494 259 2581 quod
286 2494 326 2560 de
350 2496 598 2564 'Edessenorum
626 2518 702 2585 rege
728 2506 820 2564 vetus
852 2496 936 2563 fama
964 2496 1105 2576 tradidit,
1111 2482 1375 2612 nonnihillffi

174 2592 256 2660 forte
281 2594 359 2660 falso
385 2595 555 2683 inquinata,
580 2597 636 2662 sed
661 2605 697 2662 ut
720 2596 865 2662 videatur
887 2618 927 2661 ex
950 2618 1026 2661 vero
1041 2597 1192 2685 originem
1209 2605 1332 2667 tra-1³]

174 2691 260 2757 here.
291 2693 413 2760 Deinde
429 2717 491 2760 non
491 2694 548 2760 de
565 2694 704 2808 personis
721 2695 882 2781 quaritur,
898 2716 939 2759 an
955 2693 1059 2781 impiae
1074 2696 1201 2773 fuerint,
1218 2697 1275 2762 sed

173 2811 215 2856 an
231 2790 285 2857 illa
300 2791 440 2859 lunatio
431 2793 565 2858 millis
557 2793 653 2880 rmpia
668 2793 786 2858 fuerit:
810 2793 895 2879 quod
917 2792 1046 2858 dicimus
1067 2795 1109 2858 ab
1125 2795 1276 2880 Apostolo
1390 2784 1395 2792 ⁴

174 2972 309 3020 repugnare
326 2959 502 3007 mansuetudini
522 2963 548 3008 et
567 2959 699 3007 elementia
748 2961 802 3008 Lib.
813 2974 905 3021 rnoap.
916 2963 953 3009 20.
965 2962 980 3021 5
992 2964 1028 3008 12.
1058 2961 1086 3010 J.
1097 2962 1131 3010 B.

175 3034 325 3092 Christiane,
350 3047 422 3094 qnam
447 3035 553 3082 bellum
584 3035 656 3090 unde,
679 3036 700 3081 si
794 3035 1001 3096 ⁸Edesssaovuss]
1016 3037 1063 3083 Est
1077 3037 1170 3083 Edessa
1183 3035 1209 3082 in
1227 3035 1276 3083 Os-

173 3109 254 3170 priors
268 3113 348 3155 tamen
364 3109 445 3166 lioent,
459 3109 578 3168 posterius
589 3109 698 3154 illicitum
749 3113 829 3157 ro'e'ne.
857 3110 951 3157 Nomen
975 3111 1070 3171 Abgssi
1091 3112 1205 3171 frequens
1228 3111 1277 3160 illis

174 3196 291 3240 nonense,
305 3183 414 3229 adluitur.
445 3181 507 3230 Vide
520 3197 574 3242 quas
589 3185 620 3230 de
634 3184 699 3243 oapi·
749 3184 816 3231 loeis.
839 3184 950 3244 Apparet
959 3200 989 3231 ex
999 3187 1110 3243 nummis,
1121 3186 1213 3242 Tacito,
1224 3188 1277 3246 Ap-

174 3256 262 3303 talibus
271 3255 395 3317 suppllotis
403 3255 503 3303 ulterius
510 3257 620 3304 dicentur
629 3258 700 3315 inira,
748 3259 829 3319 pleno,
838 3259 919 3305 Dione
928 3263 981 3306 tum
990 3259 1015 3305 in
1028 3259 1121 3319 pridem
1136 3259 1214 3316 editis,
1224 3265 1276 3306 tum

175 3491 282 3549 powers
301 3475 365 3529 thet
384 3489 432 3530 are
447 3472 599 3538 ordained;
621 3472 678 3527 and
695 3471 768 3537 that,
788 3471 864 3528 from
884 3488 938 3527 our
954 3471 1067 3539 hearts;
1084 3472 1140 3527 and
1159 3471 1223 3529 that
1240 3473 1278 3532 he

175 3562 238 3616 who
250 3559 380 3616 resisteth
392 3559 441 3615 the
453 3575 547 3630 power
560 3557 691 3613 resisteth
701 3558 751 3614 the
763 3558 916 3613 ordinanoo
929 3558 964 3613 of
973 3558 1045 3613 (iod.
1077 3559 1121 3630 By
1132 3559 1279 3616 ordinem

176 3663 219 3703 we
238 3651 342 3701 eannot
356 3644 529 3700 understand
540 3643 648 3714 merely
661 3643 737 3702 what
751 3644 817 3699 (lod
830 3644 886 3698 will
905 3649 956 3699 not
970 3649 1097 3715 prevent,
1115 3661 1145 3699 as
1160 3644 1199 3700 he
1212 3662 1279 3717 per·

176 3733 243 3788 mita
259 3731 316 3786 bad
336 3731 460 3786 actions:
483 3729 529 3784 for
544 3729 613 3784 suoh
630 3730 796 3800 permission
807 3729 899 3784 would
913 3735 965 3784 not
976 3729 1084 3801 impoee
1097 3746 1154 3800 any
1171 3731 1278 3803 obliga-

176 3818 237 3873 tion
248 3817 282 3872 of
291 3816 403 3871 honour
414 3831 447 3870 or
457 3814 591 3870 heartfelt
607 3813 770 3870 obedienoe.
808 3815 854 3870 On
868 3813 924 3869 this
938 3815 1114 3887 supposition
1123 3814 1174 3871 the
1187 3816 1279 3889 Apos-

175 3903 225 3968 tle,
242 3903 273 3956 iu
294 3901 429 3973 speaking
446 3917 479 3956 so
494 3899 592 3970 highly
607 3900 641 3953 of
648 3899 697 3954 the
708 3916 816 3971 powers
832 3900 895 3954 that
908 3899 953 3965 be,
968 3900 1060 3956 would
1071 3903 1135 3971 give
1148 3917 1166 3956 a
1177 3919 1278 3958 reason

176 3986 267 4042 whioh
281 3988 305 4042 is
316 3987 428 4057 equally
441 3991 506 4040 true
518 3985 552 4040 of
559 3983 647 4040 thefta
658 3985 715 4039 end
728 3985 881 4040 robberies.
916 3985 944 4040 It
955 3985 1063 4040 follows
1073 3986 1143 4042 then
1154 3987 1217 4042 that
1228 3989 1278 4045 the

176 4087 285 4148 powers
296 4070 362 4126 thus
376 4069 520 4135 ordained,
532 4086 581 4124 are
599 4069 742 4141 approved
756 4070 795 4141 by
815 4069 895 4134 God3
917 4070 974 4125 and
993 4071 1070 4126 sinoe
1090 4072 1154 4127 God
1174 4079 1279 4133 cannot

175 4173 301 4229 approve
318 4156 526 4227 eontradiotory
542 4154 645 4226 things,
656 4154 719 4212 thet
733 4153 789 4210 this
800 4171 896 4226 power
909 4155 933 4210 is
950 4161 1001 4211 not
1020 4162 1052 4211 st
1068 4158 1200 4213 varisneo
1210 4157 1279 4212 with

176 4243 227 4302 the
240 4243 296 4297 will
306 4242 341 4298 of
349 4242 413 4298 God
424 4240 554 4296 revealed
568 4240 606 4312 by
617 4239 667 4296 the
679 4241 793 4311 Gospel,
805 4241 862 4294 and
874 4240 1031 4313 obligatory
1043 4256 1080 4295 on
1094 4242 1133 4296 all
1147 4258 1223 4297 men.

231 4335 249 4382 4
270 4329 334 4384 Nor
356 4329 380 4382 is
401 4326 457 4382 this
478 4331 627 4398 argument
647 4325 761 4380 resuted
781 4326 820 4397 by
841 4326 891 4382 the
912 4326 1126 4388 consideration,
1145 4325 1208 4379 that
1229 4323 1280 4380 the

176 4429 284 4486 powers
305 4411 369 4468 that
390 4411 428 4466 be
449 4412 478 4464 in
497 4413 531 4467 St
545 4411 638 4466 Paul’s
657 4412 735 4476 time,
759 4428 832 4467 were
851 4416 903 4466 not
917 4411 1066 4466 christian.
1098 4411 1156 4462 For
1176 4409 1206 4461 in
1229 4408 1281 4464 the

177 4499 239 4560 first
250 4499 340 4570 plaoe,
354 4495 410 4554 this
421 4497 445 4551 is
459 4503 510 4552 not
521 4497 690 4572 universelly
704 4502 776 4553 true.
805 4497 920 4568 Sergius
931 4493 1045 4558 Paulus,
1056 4493 1106 4547 the
1117 4495 1280 4566 Pmprsetor

1085 4592 1176 4655 4-2
