3234 5125
1247 344 1477 399 BELLI
1521 343 1885 398 PARTITIO
1928 343 2267 397 DUPLEX.

668 341 701 400 1
714 337 794 401 46
2647 335 2797 418 [Lm.
2823 346 2872 403 1.

805 513 851 575 2
918 511 1130 587 Quare
1163 509 1297 574 haec
1328 530 1432 574 res
1464 508 1679 574 similis
1711 515 1808 574 est
1837 505 2242 583 testamentis,
2295 505 2520 592 quibus
2561 507 2876 593 adjectum

666 618 781 685 est,
827 631 908 674 ne
954 608 1263 696 posterius
1304 615 1741 673 testamentum
1777 606 2021 672 valeat:
2072 627 2218 670 nam
2247 606 2383 671 haec
2427 627 2677 692 quoque
2709 608 2877 674 clau-

666 708 802 774 sula
844 706 1049 785 efficit,
1104 707 1125 748 ¹
1138 713 1210 771 ut
1240 705 1547 792 posterius
1594 711 2031 772 testamentum
2077 726 2202 768 non
2252 725 2333 769 ex
2365 725 2520 770 vera
2552 706 2877 773 voluntate

665 807 1011 893 profectum
1061 813 1493 892 praesumatur.
1600 803 1731 870 Sed
1779 803 1939 868 sicut
1986 803 2124 868 haec
2168 801 2460 879 clausula,
2511 803 2609 870 ita
2654 814 2719 870 et
2767 805 2877 872 illa

665 903 838 992 regis
873 904 1053 990 jussu
1094 925 1389 989 expresso
1440 924 1514 968 ac
1562 900 1814 989 speciali
1862 901 2223 987 posterioris
2255 900 2592 969 voluntatis
2641 903 2874 993 signifi-

668 1003 911 1068 catione
940 1001 1075 1067 tolli
1109 1009 1330 1087 potest.

820 1102 1005 1166 XIX.
1112 1100 1241 1165 Sed
1291 1121 1493 1185 neque
1545 1096 1796 1184 Polybii
1845 1097 1947 1162 hic
1997 1104 2142 1163 utor
2190 1098 2582 1174 auctoritate,
2635 1098 2745 1185 qui
2788 1100 2874 1166 ad

339 1112 608 1153 nuvae-ee

333 1168 443 1206 ΜΨ
668 1199 934 1265 mixtum
974 1220 1172 1287 genus
1204 1197 1559 1284 reipublicae
1600 1196 1800 1263 refert
1832 1197 2178 1262 Romanam
2219 1196 2680 1283 rempublicam,
2727 1219 2870 1284 quae

668 1297 774 1363 illo
807 1306 1107 1385 tempore,
1160 1296 1213 1362 si
1246 1319 1373 1362 non
1403 1296 1679 1362 actiones
1722 1294 1906 1380 ipsas,
1953 1294 2066 1360 sed
2089 1293 2196 1380 jus
2227 1295 2456 1382 agendi
2484 1295 2867 1382 respicimus,

670 1417 842 1463 mere
873 1395 992 1462 fuit
1024 1393 1374 1484 popularis:
1428 1416 1575 1460 nam
1609 1401 1674 1458 et
1712 1393 1977 1459 Senatus
2005 1391 2362 1470 auctoritas,
2408 1414 2593 1479 quam
2633 1394 2718 1459 ad
2757 1416 2868 1481 op-

669 1494 956 1561 timatum
1002 1494 1283 1582 regimen
1316 1493 1531 1570 refert,
1577 1499 1644 1558 et
1676 1491 2014 1569 consulum,
2055 1512 2208 1576 quos
2249 1491 2423 1577 quasi
2462 1513 2650 1580 reges
2679 1492 2872 1559 fuisse

668 1592 824 1671 ruit,
860 1592 1108 1658 subdita
1144 1601 1283 1657 erat
1314 1591 1557 1678 populo.
1662 1590 1835 1656 Idem
1885 1591 1965 1656 de
2007 1589 2269 1655 aliorum
2313 1590 2562 1676 politica
2599 1591 2872 1657 scriben-

666 1689 823 1756 tium
872 1690 1193 1757 sententiis
1243 1691 1476 1756 dictum
1520 1688 1678 1765 volo,
1721 1689 1829 1774 qui
1876 1688 2075 1776 magis
2125 1696 2446 1754 externam
2494 1689 2759 1774 speciem
2805 1700 2873 1756 et

668 1789 1090 1875 quotidianam
1116 1787 1734 1865 administrationem,
1779 1809 1962 1872 quam
1988 1786 2094 1873 jus
2125 1786 2329 1873 ipsum
2361 1787 2591 1853 summi
2624 1788 2868 1874 imperii

666 1896 951 1974 spectare
980 1910 1328 1976 congruens
1361 1889 1595 1953 ducunt
1627 1908 1739 1951 suo
1772 1885 2073 1952 instituto.

341 2000 462 2039 Pom·
481 1999 538 2038 ffi-
560 2001 616 2039 16·
820 1988 967 2052 XX.
1058 1990 1094 2051 1
1166 1985 1374 2074 Magis
1404 1986 1487 2052 ad
1515 2007 1649 2050 rem
1681 1984 1954 2072 pertinet
1987 1983 2154 2070 quod
2200 1983 2570 2050 Aristoteles
2603 1985 2866 2072 scripsit,

665 2084 831 2151 inter
875 2107 1136 2174 regnum
1181 2084 1451 2171 plenum,
1491 2083 1658 2169 quod
1710 2080 2204 2168 παμβασιλείαν
2237 2091 2435 2159 vocat,
2484 2083 2728 2166 (eadem
2775 2094 2869 2151 est

340 2194 639 2280 Χξῐῂῑίξῦᾎω
667 2182 1048 2265 “παντελῆς
1096 2185 1441 2275 μοναρχία,
1502 2181 1793 2269 Sophocli
1839 2184 2182 2266 Antiyone,
2247 2181 2588 2248 Plutarcho
2635 2177 2873 2251 '‘adro-

335 2269 602 2369 ssg'2m54'·
666 2279 911 2374 κρατῆς
962 2279 1285 2368 βασιλεία
1331 2280 1437 2348 καὶ
1490 2275 1949 2356 α’νυπεῦθυὺος,
2006 2279 2302 2345 Straboni
2361 2277 2627 2368 ἐξουσία
2671 2277 2869 2350 αὑτο-

334 2377 620 2472 ῗὲῗῶὲω
667 2378 894 2466 τελῆς)
938 2389 1004 2446 et
1041 2401 1306 2468 regnum
1342 2379 1729 2455 Laconicum,
1778 2379 1886 2464 qui
1928 2400 2136 2443 merus
2175 2386 2273 2444 est
2302 2379 2705 2466 principatus,
2757 2381 2869 2446 ali-

754 2558 771 2590 ¹
805 2559 913 2607 Hoc
950 2557 1170 2620 equidem
1206 2556 1315 2605 suri
1355 2556 1578 2603 Romano
1619 2569 1718 2601 non

664 2635 903 2695 congruit,
928 2647 1215 2693 quamquam
1247 2633 1296 2677 in
1327 2631 1455 2677 Foro
1485 2631 1718 2677 obtineat.

664 2709 789 2767 Vide
807 2708 1093 2764 Cusscmn,
1118 2706 1307 2752 Observ.
1330 2716 1440 2749 ιιι
1462 2703 1489 2750 7
1519 2708 1569 2750 et
1589 2705 1718 2751 Vm-

663 2796 798 2829 muu
829 2784 880 2828 in
907 2782 1064 2828 Instit.
1086 2782 1185 2828 Tit.
1214 2780 1395 2840 Quibus
1418 2779 1568 2825 modis
1596 2781 1714 2826 Test-

665 2859 981 2919 iry‘irmanhcr,
1010 2858 1038 2918 ἓ
1067 2860 1111 2904 2.
1174 2858 1267 2903 Sed
1296 2860 1490 2917 recepta
1508 2857 1592 2901 illa
1609 2870 1718 2902 sen-

664 2935 834 2992 tentia,
856 2948 998 2994 quam
1021 2934 1209 2979 Auctor
1229 2937 1393 2978 noster
1406 2931 1512 2978 heic
1532 2932 1719 2991 probat,

664 3014 715 3055 et
744 3011 805 3056 de
834 3023 930 3068 qua
960 3009 1101 3055 etiam
1129 3008 1311 3067 aliquid
1342 3007 1460 3053 dicit
1489 3008 1537 3052 in
1557 3007 1717 3065 Epist.

662 3083 799 3128 Part.
834 3095 893 3128 11.
928 3095 1005 3141 ep.
1036 3084 1111 3127 10.
1142 3082 1300 3127 verior
1332 3085 1421 3136 est,
1456 3080 1718 3126 secundum

661 3154 758 3201 Jus
779 3155 1041 3211 Natural03
1072 3154 1198 3201 utin
1230 3154 1372 3201 Notis
1405 3153 1604 3200 Gallicis
1639 3167 1716 3199 os-

660 3228 914 3274 tendimus.
977 3228 1033 3276 J.
1051 3228 1115 3275 B.

750 3309 773 3335 ¹¹
795 3300 1344 3361 Παντελὴςμοναρχὶα]
1361 3301 1563 3347 Faciunt
1574 3300 1716 3357 enim,

660 3382 718 3422 ut
736 3377 794 3421 ad
819 3376 848 3435 g
870 3377 965 3421 viii.
994 3376 1277 3431 notavimus,
1305 3373 1500 3432 Tragici
1513 3385 1714 3432 regnum

661 3450 942 3496 Thebanum
994 3450 1149 3495 simile
1204 3449 1367 3507 regnis
1418 3446 1714 3500 Phoenicum,

659 3525 788 3570 unde
808 3524 902 3569 orti
916 3528 1070 3569 erant.

748 3605 773 3628 ¹
801 3596 1125 3654 Αὐτοκρατῆς·
1141 3590 1407 3653 βασιλεία]
1438 3593 1514 3639 Sic
1528 3593 1708 3652 Diony·

657 3670 754 3715 sius
784 3667 1214 3716 Halicarnasseus&
1234 3667 1293 3712 de
1310 3666 1566 3712 Laconicis
1584 3667 1711 3726 reqi-

1815 2555 1902 2601 lnoe
1920 2570 1940 2601 ‚⁸
1972 2555 2082 2601 οὐδὲ
2112 2552 2214 2615 ‘rzip
2242 2553 2290 2602 ol
2316 2555 2691 2617 Λακεδαιμόνιοι
2719 2558 2871 2604 αὖτο-

1816 2628 2058 2688 κρᾶτορες
2097 2627 2251 2683 ἦσαν·
2282 2642 2427 2689 neque
2471 2631 2594 2676 em‘m
2642 2630 2869 2678 Luoedoe-

1816 2703 2234 2761 moniiplenojm
2244 2717 2375 2763 reyes·
2387 2709 2536 2751 eram.
2568 2703 2866 2764 (Autumnus.

1816 2779 1925 2826 Lib.
1948 2792 2008 2825 11.
2030 2793 2070 2824 c.
2095 2779 2187 2837 14).

1906 2861 1926 2896 5
1961 2853 2138 2912 Quales
2176 2853 2405 2898 habebam
2444 2852 2611 2911 vicini]
2654 2854 2867 2903 Putabat

1816 2928 2045 2988 populus,
2080 2931 2136 2972 ut
2161 2926 2200 2973 J
2202 2926 2366 2986 osephi
2394 2926 2548 2971 verbis
2579 2932 2702 2983 utar,
2724 2930 2866 2974 οὐδὲν

1817 3001 2013 3048 ἄτοπον
2035 3003 2158 3047 εἶναι
2185 3003 2288 3047 τῶν
2316 2999 2688 3060 πλησιοχώρων
2713 3002 2865 3060 βασι·
2947 3009 2967 3029 ”

1816 3074 2095 3134 λευομὲνων
2113 3074 2208 3131 τήν
2228 3073 2382 3130 αὑτήν
2403 3073 2537 3134 ἔχειν
2567 3076 2744 3123 αὐτοὺς
2765 3092 2864 3122 το-

1815 3150 2040 3198 λιτείαν·
2072 3153 2195 3199 m'lu'l
2223 3167 2320 3199 esse
2339 3152 2554 3210 absurdi,
2572 3153 2630 3209 εἰ,
2660 3166 2763 3199 cum
2789 3154 2863 3199 υἰ-

1814 3224 1912 3269 cini
1950 3232 2276 3285 requereritur,
2314 3228 2412 3287 ipsi
2449 3228 2640 3274 eandem
2678 3228 2864 3287 imperii

1805 3297 2015 3355 sermm
2035 3301 2314 3358 acciperent.
2377 3301 2512 3360 (Ant.
2530 3302 2649 3349 Jud.
2674 3316 2745 3348 vx.
2769 3305 2843 3363 4.)

1901 3371 1922 3399 ²
1954 3372 2180 3419 Imitatur
2210 3376 2541 3435 loquutionem
2579 3377 2748 3434 Taciti,
2782 3380 2866 3425 ubi

1813 3447 1974 3491 tamen
1991 3447 2187 3506 optimoe
2217 3449 2466 3498 Editiones
2485 3453 2664 3498 habent
2683 3453 2865 3499 adduc-

1810 3518 1923 3578 tius,
1944 3532 2042 3567 non
2063 3522 2336 3572 addicunt.-
2378 3526 2534 3573 Trans
2562 3527 2738 3587 Lygios
2767 3528 2867 3574 Go-

1811 3591 1984 3640 thones
2012 3602 2285 3655 reqnantur,
2302 3601 2595 3657 pauuojam
2615 3601 2867 3648 adductius

1809 3680 1952 3725 quam
1965 3674 2126 3715 cetera
2143 3670 2490 3719 Germanorum
2508 3681 2676 3733 qentee.
2705 3676 2864 3726 Germ.

760 3920 793 3968 2
842 3913 964 3968 The
992 3914 1189 3968 caseis
1217 3913 1332 3969 like
1354 3914 1481 3970 that
1509 3916 1575 3971 of
1597 3933 1634 3970 a
1660 3921 1963 3972 testament
1985 3918 2045 3971 in
2068 3916 2249 3971 which
2277 3917 2325 3970 it
2351 3917 2399 3972 is
2426 3915 2612 3970 added
2635 3916 2762 3973 that
2785 3936 2862 3975 ne

656 4000 991 4068 suh-sequent
1018 4003 1323 4054 testament
1358 4000 1502 4056 shall
1539 4001 1614 4057 be
1642 4002 1822 4067 valid3
1864 4002 1957 4056 for
1978 4002 2088 4057 this
2119 4001 2308 4057 clause
2343 4001 2444 4056 has
2473 4000 2573 4057 the
2602 4003 2770 4059 effect
2799 4006 2868 4061 of

656 4084 877 4154 making
893 4101 928 4137 a
944 4084 1089 4138 later
1104 4089 1408 4141 testament
1422 4087 1722 4158 presumed
1740 4092 1840 4141 not
1856 4092 1918 4142 to
1936 4088 2007 4143 be
2023 4088 2121 4143 the
2138 4088 2257 4141 real
2275 4088 2387 4142 will
2403 4087 2469 4143 of
2488 4087 2586 4143 the
2600 4094 2854 4146 testator.

656 4172 764 4220 But
787 4185 848 4223 as
878 4168 988 4223 this
1018 4170 1205 4224 clause
1237 4187 1366 4242 may
1392 4171 1466 4227 be
1495 4172 1790 4227 rescinded
1812 4174 1890 4244 by
1911 4190 1986 4228 an
2013 4190 2240 4245 express
2260 4173 2374 4227 and
2410 4174 2621 4246 special
2651 4176 2860 4246 signifi-

652 4256 837 4308 ÷·.·].tion
866 4254 932 4309 of
955 4254 1054 4310 the
1081 4255 1194 4308 will
1217 4256 1283 4311 of
1300 4256 1397 4312 the
1424 4259 1630 4322 writer,
1654 4274 1716 4313 so
1739 4275 1870 4328 may
1897 4258 2023 4314 that
2052 4259 2327 4314 direction
2350 4260 2418 4314 of
2441 4259 2540 4314 the
2569 4260 2723 4330 king.

760 4340 920 4395 XIX.
993 4342 1023 4395 1
1052 4341 1126 4396 do
1153 4348 1255 4395 not
1290 4341 1426 4397 here
1454 4360 1555 4398 use
1583 4342 1683 4398 the
1711 4344 2000 4416 authority
2022 4345 2090 4399 of
2106 4345 2395 4417 Polybius,
2409 4344 2534 4399 who
2558 4344 2736 4400 refers
2758 4344 2857 4399 the

652 4428 871 4481 Roman
900 4428 1061 4482 State
1089 4434 1149 4483 to
1179 4427 1277 4483 the
1306 4427 1447 4483 class
1478 4428 1543 4483 of
1570 4429 1758 4483 mixed
1791 4429 2174 4502 Severeignty.
2249 4431 2363 4486 For
2390 4436 2450 4485 at
2479 4427 2604 4486 that
2633 4430 2786 4494 time,
2812 4428 2866 4482 if
