3234 5125
177 349 246 403 (lar.
261 346 313 415 11.]
459 349 719 406 COMMUNITER
742 349 989 406 coucPETUNT.
1212 343 1276 405 245

176 510 341 577 mittantur
356 511 462 600 copiae,
477 505 516 578 ¹si
531 511 673 589 inermes,
691 511 775 598 quod
792 511 1038 600 Agrippinenses
1050 511 1215 580 Germanis
1231 513 1276 578 di·
1288 527 1408 614 ffiffltl

176 611 308 677 cebant:
330 631 423 696 quem
438 632 557 677 morem
573 610 744 696 antiquitus
766 611 800 675 in
817 611 965 676 Eleorum
988 612 1117 700 regione
1133 612 1276 678 observa·

176 718 244 776 tum
262 709 384 776 nowsit
404 711 519 777 Strabo
529 733 538 776 t
562 710 589 775 si
607 708 747 797 impensu
770 709 970 786 transeuntis,
993 709 1020 775 is
1041 710 1095 795 qui
1111 710 1276 776 transitum
1288 719 1334 805 gg
1343 720 1386 760 vit
1395 731 1416 770 e

175 808 326 884 coneedit,
348 808 407 875 sibi
426 809 573 896 praesidia
595 809 708 875 idonea
728 808 899 875 conducet:
930 808 985 874 mei
1007 808 1130 875 obsides
1152 809 1276 888 dentur,

175 907 260 993 quod
275 929 297 973 a
312 908 474 974 Demetrio
489 908 636 974 Seleucus
652 907 837 993 postulabat,
853 915 890 974 ut
906 929 975 973 eum
992 899 1077 973 intra
1091 907 1139 972 sui
1155 907 1279 995 imperii

175 1007 253 1071 lines
269 1006 437 1073 subsistere
457 1006 583 1073 sineret
635 1005 688 1072 Sic
705 1005 799 1072 etiem
819 1014 921 1072 metus
937 1007 977 1073 ab
995 1028 1032 1072 eo
1054 1006 1088 1071 in
1104 1027 1196 1093 quem
1213 1007 1278 1074 bel·

174 1105 239 1170 lum
257 1105 377 1192 justum
393 1115 497 1172 mouet
512 1106 540 1170 is
557 1105 611 1192 qui
626 1105 749 1181 transit,
770 1105 812 1171 ed
827 1106 1003 1194 negandum
1026 1105 1193 1172 transitum
1214 1128 1278 1173 non

174 1204 269 1270 valet.
306 1206 417 1291 Neque
433 1204 533 1294 magis
548 1203 774 1270 admittendum
790 1204 817 1270 si
832 1203 925 1281 dicas,
942 1214 975 1271 et
992 1204 1053 1270 ulia
1068 1226 1159 1292 posse
1175 1214 1277 1272 trans-

174 1302 235 1369 iri:
260 1305 444 1370 tantundem
459 1304 541 1370 enim
562 1303 664 1390 quivis
679 1302 808 1383 diceret,
830 1311 926 1388 etque
942 1325 980 1369 eo
995 1303 1088 1370 modo
1105 1302 1158 1390 jus
1174 1313 1277 1371 trans-

174 1402 270 1467 eundi
293 1402 387 1490 plane
416 1402 668 1469 interimeretur:
697 1400 753 1467 sed
777 1403 855 1468 satis
881 1409 930 1468 est
953 1402 980 1467 si
1004 1403 1070 1468 sine
1100 1404 1171 1468 dolo
1195 1403 1277 1470 melo

175 1500 326 1565 transitus
351 1501 535 1585 postuletur,
565 1522 629 1587 qua
656 1499 832 1587 proximum
860 1521 897 1566 ac
921 1501 1198 1570 commodissimum
1218 1511 1276 1570 est

175 1597 275 1664 Plane
296 1597 325 1663 si
338 1597 486 1684 injustum
501 1608 627 1665 moveat
646 1597 771 1673 bellum,
785 1597 840 1684 qui
861 1598 996 1664 transire
1007 1600 1084 1676 vult,
1109 1601 1158 1667 nei
1171 1602 1277 1667 hostes

175 1718 261 1762 meos
285 1717 388 1762 secum
405 1697 509 1772 ducat,
530 1718 650 1784 negare
670 1696 836 1762 transitum
859 1706 989 1783 potero:
1015 1719 1088 1763 nam
1108 1707 1141 1766 ot
1164 1699 1198 1764 in
1221 1721 1278 1766 suo

175 1794 273 1882 ipsius
289 1795 355 1860 solo
371 1794 401 1860 ei
418 1817 581 1861 occurrere
596 1804 691 1881 atque
710 1794 772 1860 iter
786 1793 938 1880 impedire
954 1796 1003 1860 ias
1019 1805 1109 1862 esset.

247 1897 269 1961 ὁ
302 1895 416 1980 Neque
429 1915 506 1961 vero
527 1894 668 1980 personis
686 1901 819 1968 tentum,
837 1893 892 1958 sed
904 1902 938 1959 et
952 1894 1107 1960 mercibus
1126 1894 1279 1962 transitus

176 1993 320 2060 debetur.
371 1994 469 2058 ¹Nam
484 1992 649 2079 quominus
663 2013 741 2080 gens
757 2011 889 2077 quaeque
908 2013 978 2058 cum
994 1993 1104 2079 quavis
1120 2002 1215 2082 gente
1231 2016 1279 2060 se-

175 2091 278 2179 posita
295 2093 512 2158 commercium
535 2091 626 2167 eolat,
645 2089 834 2178 impediendi
851 2091 966 2156 nemini
979 2092 1033 2178 jus
1053 2102 1120 2161 ost:
1145 2092 1178 2159 id
1195 2092 1278 2158 enim

174 2190 315 2277 permitti
334 2190 466 2257 interest
487 2189 645 2256 societatis
669 2190 837 2265 humanm
863 2210 920 2255 nec
941 2191 1085 2276 cuiquam
1108 2191 1221 2258 domm
1244 2191 1278 2258 id

175 2299 243 2356 est:
267 2289 446 2357 nemetiam
461 2289 489 2356 si
504 2288 555 2355 cui
575 2289 696 2356 lucrum
710 2296 880 2377 speratum,
905 2290 1040 2356 sednon
1056 2289 1204 2370 debitum,
1222 2290 1280 2356 de-

174 2466 347 2515 Barhsrossnm
357 2473 383 2516 et
390 2468 494 2515 isacium
500 2468 625 2530 Angelum
635 2468 700 2529 apud
749 2471 887 2530 ceptorum
895 2467 1002 2515 invenire
1011 2465 1100 2528 potui]

174 2535 286 2589 mimum
299 2543 362 2589 h‘bro
376 2555 406 2591 ιι.
423 2543 490 2605 (cap.
500 2545 516 2590 4
525 2548 551 2591 et
560 2543 590 2602 7)
606 2544 636 2591 de
649 2543 701 2590 rita
794 2550 813 2578 ¹¹
828 2537 857 2591 Si
867 2541 958 2589 obsides
971 2541 1069 2603 matur]
1082 2541 1225 2603 Exemplum
1235 2543 1278 2591 hn-

175 2617 280 2676 ejusdem
291 2618 361 2667 lsacli
371 2619 464 2679 aliquot
472 2619 543 2665 locis:
558 2618 584 2666 in
599 2618 699 2679 imperio
749 2618 792 2665 hes
804 2618 917 2679 Procopii
926 2619 1077 2665 Persicorum
1090 2631 1121 2666 11.

176 2692 319 2739 Germanico
328 2686 700 2754 trmsitnmpostniansdedsm-
760 2701 764 2712 '
794 2694 852 2740 nSi
870 2694 1108 2739 innumerorum
1118 2692 1203 2755 ducat]
1225 2693 1280 2741 Hoc

175 2779 207 2813 no
213 2768 363 2814 resarciendo
373 2771 451 2814 esset:
461 2767 514 2812 vids
524 2772 550 2812 st
561 2765 700 2813 crantzium
750 2766 863 2813 dicebant
873 2767 969 2822 Franci,
985 2768 1027 2826 qui
1041 2767 1066 2812 in
1082 2767 1186 2815 Venetis
1200 2775 1279 2829 erent,

175 2841 347 2889 Scaenicorum
356 2841 568 2888 x.cthdendossm
577 2839 609 2885 Ia
617 2839 700 2898 Belgi·
751 2839 849 2887 Iiarsetd
870 2842 1044 2900 Longobmdos
1065 2855 1146 2887 secum
1174 2842 1279 2902 ducenti,

175 2916 216 2963 cis.
247 2916 329 2963 Cesar
344 2915 462 2962 Helvetiis
481 2914 528 2960 iter
542 2923 587 2972 per
602 2913 699 2972 protin-
752 2914 965 2961 Gotthicornmsv.
979 2914 1032 2973 (seu
1041 2913 1277 2977 H'sst.Miee.c.26).

175 2990 236 3035 dam
251 2990 330 3035 noluit
351 2989 489 3043 concedere,
509 2977 575 3047 qnod
592 2978 700 3032 homines
750 2990 808 3037 Alia
817 2990 900 3049 negati
909 2990 1001 3036 itineris
1011 2990 1121 3050 exemplu
1130 2992 1204 3039 habes
1214 2994 1280 3054 apud

174 3064 270 3108 inimico
280 3064 360 3108 animo
369 3062 521 3109 existimabat
533 3074 582 3106 non
595 3065 701 3120 temper·
750 3066 870 3113 Bemburn
889 3065 952 3111 libro
967 3078 1014 3113 vn.
1034 3066 1173 3114 Italicorum
1200 3068 1279 3130 [Huc.

174 3142 257 3180 muros
265 3136 296 3181 ab
305 3135 397 3195 injuriis
408 3138 433 3181 et
445 3134 574 3182 maleficio:
585 3134 625 3181 De
630 3132 700 3180 Bello
754 3138 830 3186 Versat.
838 3138 922 3185 ecdem
931 3140 993 3194 loeo,
1004 3141 1045 3201 qni
1055 3141 1153 3190 inNotn
1161 3148 1279 3205 antepen-

177 3207 281 3266 Golliee,
301 3210 355 3255 Lib.
371 3225 389 3258 1.
417 3208 480 3269 [esp.
498 3212 521 3269 7,
538 3211 561 3257 8.
597 3210 700 3269 Exque
749 3212 836 3258 ultima
859 3212 979 3259 indicatus
999 3212 1060 3273 estt]
1083 3217 1147 3276 apud
1164 3218 1279 3266 Perntsm

175 3283 285 3330 Auctore
305 3284 337 3330 sit
357 3282 507 3343 semme
521 3279 606 3343 Loqui.
630 3284 700 3330 initio
749 3287 812 3334 libro
822 3287 940 3335 Historia
953 3288 1048 3346 Veneta,
1063 3302 1088 3337 v.
1098 3294 1170 3339 etur.

175 3358 247 3404 istius
264 3363 329 3405 note
346 3358 485 3415 indicatum,
500 3359 581 3405 omisit
598 3358 699 3417 Auctor,
795 3361 883 3408 ¹Vide
902 3362 1123 3421 Ponticorum,
1150 3365 1191 3412 De
1214 3366 1280 3414 Jure

174 3436 218 3478 ant
237 3433 419 3493 Typcgrsphns,
442 3433 468 3478 ln
488 3432 598 3479 omnibns
622 3432 700 3483 Editt.
750 3435 925 3485 Nutcthrrt.
942 3437 1048 3485 Lib.111.
1061 3440 1207 3503 esp.3,§d,
1222 3455 1277 3488 cum

175 3518 220 3553 nso
235 3506 260 3552 in
278 3507 328 3554 ullu
345 3506 495 3554 collecdons
512 3506 628 3567 ejusmodi
644 3508 700 3554 Ea·
750 3511 822 3557 Notis
832 3511 927 3557 noch-is·
958 3512 986 3559 J.
997 3511 1031 3559 B.

175 3720 314 3794 hostages.
360 3722 400 3777 So
421 3722 547 3779 toofeer
566 3724 601 3779 of
619 3726 763 3781 werhem
780 3726 840 3781 him
861 3729 970 3799 against
986 3726 1079 3783 whom
1096 3727 1146 3784 the
1163 3728 1278 3785 transit·

176 3808 275 3863 seeker
288 3807 385 3863 makes
397 3824 415 3862 a
428 3808 573 3880 righteous
587 3828 653 3876 war,
668 3810 736 3867 does
747 3820 798 3867 not
812 3814 913 3886 justisy
927 3814 987 3868 him
1001 3815 1031 3868 in
1045 3814 1179 3886 refiuing.
1215 3816 1278 3871 Nor

175 3892 200 3945 is
219 3893 243 3945 it
264 3893 377 3965 enough
399 3900 430 3950 to
446 3911 496 3967 say
516 3895 580 3951 that
594 3896 631 3952 he
644 3914 710 3969 may
728 3915 793 3969 poss
810 3898 930 3955 another
950 3917 1025 3971 wey:
1056 3901 1102 3955 for
1121 3918 1206 3973 every
1223 3918 1278 3957 one

176 3976 270 4046 might
283 3993 333 4049 say
347 3979 397 4034 the
411 3996 496 4045 seme,
509 3982 566 4035 und
578 3982 644 4037 thus
658 3983 708 4039 the
722 3984 812 4056 Right
826 3985 859 4040 of
874 3986 987 4041 Transit
1003 3986 1040 4041 bc
1054 3986 1212 4059 destroyed.
1249 3987 1279 4042 It

176 4061 201 4115 is
216 4063 329 4133 enough
348 4062 375 4117 if
391 4064 429 4119 he
442 4082 507 4137 pass
525 4069 594 4122 houd
606 4070 664 4141 fide
683 4069 789 4141 hythe
806 4070 1092 4128 shortestandmost
1111 4072 1279 4127 convenient

177 4162 247 4217 way.
293 4148 324 4201 If
339 4147 441 4203 indeed
455 4150 492 4206 he
513 4152 575 4206 who
589 4154 669 4209 seeks
681 4156 782 4210 manat
795 4156 892 4211 makes
903 4173 940 4211 un
952 4158 1047 4228 unjnst
1057 4174 1123 4223 war,
1137 4174 1170 4211 or
1182 4157 1279 4227 brings

177 4249 226 4303 my
241 4233 365 4287 enemies
378 4233 446 4288 with
459 4235 527 4300 him,
547 4236 563 4291 1
576 4256 640 4311 may
655 4240 730 4312 deny
748 4241 797 4297 the
809 4244 929 4307 transit3
950 4243 995 4297 for
1013 4244 1043 4297 in
1057 4242 1127 4299 such
1145 4258 1163 4296 e
1183 4258 1246 4297 case
1263 4241 1279 4296 I

177 4316 270 4388 might
284 4324 361 4372 meet
372 4317 432 4373 him
444 4336 480 4374 on
492 4319 536 4378 his
551 4340 613 4377 own
626 4325 736 4396 ground
748 4328 805 4381 und
819 4335 883 4400 stop
897 4328 941 4383 his
955 4345 1024 4400 way.

233 4410 251 4457 5
287 4404 438 4460 umentis
459 4412 490 4462 to
505 4408 542 4464 be
555 4411 674 4480 gramm
691 4417 742 4467 not
756 4413 823 4485 only
835 4418 865 4469 to
884 4429 1009 4485 persons,
1022 4412 1076 4467 bnt
1089 4416 1121 4466 to
1134 4410 1279 4466 merchan-

178 4488 255 4556 disee
272 4488 319 4545 for
332 4506 370 4547 no
382 4507 437 4547 one
448 4491 499 4549 hes
511 4510 529 4549 a
543 4495 618 4566 right
632 4501 663 4552 to
677 4498 791 4570 impede
803 4514 858 4554 one
869 4498 967 4555 nation
979 4500 1009 4553 in
1024 4496 1188 4569 cultivating
1198 4498 1279 4557 trude
