3234 5125
311 333 382 399 xxvi
723 344 751 399 J.
777 342 1039 399 aaassuraacn

310 510 450 577 initium:
474 514 553 577 Nou
566 513 686 598 fimat
709 534 886 597 conpr-uum
909 525 1039 577 noturoe
1064 514 1224 588 humanm,
1251 534 1323 598 quce
1338 514 1406 578 uisi
1426 535 1466 577 ex

310 614 414 696 siquis
440 632 538 677 111111
564 625 658 678 aetus
683 634 868 697 ooyuoseere
891 634 956 677 nou
976 624 1092 697 potest.
1138 612 1255 677 Vooem
1279 614 1386 677 animi
1409 612 1466 676 ad·

311 709 385 787 didi,
411 731 482 796 ques
507 710 540 775 in
565 710 812 797 praecedentibus
836 710 963 799 legitur,
988 733 1046 776 nee
1070 710 1136 776 sine
1161 712 1275 776 damno
1300 710 1465 778 sententiae

309 808 382 874 hino
396 812 505 876 abesse
522 819 643 897 potest;
666 810 778 877 aberat
795 819 900 876 tamen
912 810 980 896 jam
996 809 1029 875 in
1045 810 1147 897 prima
1164 810 1320 877 Editione.
1366 810 1465 896 Ejus·

310 908 382 974 dem
399 909 467 975 Lib.
491 931 557 997 oap.
576 931 622 979 rx.
646 915 660 997 §
679 908 710 978 7.
736 910 768 975 in
785 908 866 975 fine:
891 922 1007 976 eontra
1024 932 1075 977 eos
1091 933 1115 975 u
1131 914 1290 976 eommuui
1305 912 1465 977 sociorum

310 1028 465 1075 eorumne
482 1032 533 1076 res
548 1011 706 1095 judicatu
722 1022 776 1077 est.
828 1011 901 1076 Vox
917 1012 1063 1088 11111111,
1085 1010 1210 1075 omnino
1225 1010 1408 1085 neeessaria,
1431 1009 1465 1073 in

309 1108 455 1175 Editione
471 1109 544 1175 enni
562 1112 663 1177 1632.
681 1109 736 1176 ubi
752 1108 929 1195 exemplum
945 1109 1097 1186 additum,
1115 1108 1294 1175 excideratz
1321 1109 1405 1175 uude
1421 1110 1465 1175 nil

309 1207 433 1285 mirum,
451 1207 477 1273 si
493 1209 525 1273 in
541 1208 628 1275 nulla
643 1208 838 1295 sequentium
852 1209 1001 1275 haetenus
1015 1208 1160 1295 suppleta
1172 1208 1277 1276 fuerit.
1327 1209 1379 1275 Sic
1395 1230 1463 1295 eap.

310 1329 343 1373 x.
369 1307 518 1394 sequenti,
552 1314 567 1396 §
593 1312 634 1375 6:
675 1314 800 1385 Quarto
822 1331 887 1374 aon
910 1310 1012 1374 teneri
1033 1330 1105 1373 eum
1129 1312 1177 1373 ud
1203 1310 1465 1373 Rssrrrnuunos

299 1410 447 1491 fruetus,
477 1420 534 1473 eto.
564 1406 757 1473 omissionem
784 1406 869 1473 uoois
895 1408 1119 1484 restituendos,
1151 1406 1230 1473 adeo
1258 1407 1462 1484 manifestam,

308 1526 404 1592 quum
424 1505 457 1571 in
474 1506 605 1593 primam
621 1506 797 1573 Editionem
814 1505 1000 1592 irrepsisset,
1024 1526 1130 1571 omnes
1152 1505 1297 1593 deinceps
1317 1506 1464 1595 religiose

308 1615 522 1674 servaverant.
576 1606 649 1672 Non
672 1606 719 1673 ita
738 1606 840 1681 obvia,
864 1605 921 1671 sed
941 1614 1046 1671 tamen
1072 1605 1257 1671 adtendenti
1280 1606 1324 1671 ad
1350 1606 1463 1671 seriem

308 1703 456 1771 orationis
482 1705 573 1772 facile
601 1714 711 1793 patere
737 1714 864 1793 poterat
892 1726 940 1781 ea,
974 1726 1045 1792 quoe
1076 1704 1295 1792 reperiebatur
1324 1704 1464 1791 ejusdem

308 1803 397 1869 Libri
422 1826 488 1891 esp.
508 1826 568 1871 xrr.
595 1810 610 1892 ξ
630 1807 684 1873 12.
711 1827 794 1870 num.
814 1807 844 1869 1.
899 1806 943 1869 Ut
968 1807 1099 1871 etiamsi
1122 1827 1181 1871 neo
1205 1806 1345 1871 uelatum
1369 1807 1463 1889 quid·

308 1926 408 1989 quam
432 1907 487 1985 sit,
506 1918 562 1971 eto.
584 1926 613 1970 sn
633 1907 670 1971 iu
689 1927 726 1970 re
748 1916 857 1971 tomen
882 1906 1142 1989 deprehendatur
1157 1907 1379 1991 inaequalitas,
1404 1917 1462 1970 eto.

308 2002 467 2069 Pertieula
482 2006 514 2070 ei
529 2005 562 2069 in
579 2004 721 2070 omnibus
737 2003 934 2070 Editionibus
951 2004 1069 2080 deerat,
1093 2025 1164 2090 quse
1182 2012 1286 2070 tamen
1302 2002 1344 2069 ad
1366 2003 1463 2068 ratio·

308 2101 468 2167 cinationis
489 2124 605 2168 nexum
633 2102 756 2167 omnino
778 2110 827 2167 eat
845 2102 1029 2168 neeessaris.
1081 2102 1156 2188 cap.
1176 2123 1248 2168 xxi.
1275 2110 1290 2187 ξ
1309 2105 1362 2167 11.
1386 2104 1461 2167 init.

307 2203 473 2266 oooaee'one
489 2203 619 2286 quidem
635 2201 777 2284 ulioujus
793 2202 927 2286 moesti
945 2221 1071 2278 111111,
1091 2208 1151 2265 eto.
1204 2200 1288 2266 Illud
1303 2202 1407 2267 alieni
1428 2200 1464 2267 in

306 2296 393 2363 nulla
409 2299 559 2365 haetenus
575 2298 721 2365 Editione
741 2307 977 2385 comparuerat3
1005 2298 1090 2385 quod
1105 2307 1211 2364 tamen
1226 2299 1381 2367 sententia
1397 2322 1463 2365 ma·

306 2396 420 2464 nitente
434 2398 580 2485 postulat.
631 2396 806 2484 Aliquando
823 2398 922 2465 rerba
943 2402 1174 2485 supervaoauea
1195 2398 1305 2465 reliota
1325 2398 1461 2477 fuerant,

307 2518 378 2584 quoe
395 2518 517 2564 sensum
535 2498 725 2566 turbabunt:
751 2497 838 2585 eujus
862 2495 909 2563 rei
933 2495 1108 2585 exemplum
1130 2496 1329 2576 luculentum,
1354 2498 1463 2566 ridere

306 2597 425 2685 poteris
451 2597 519 2664 Lib.
537 2599 581 2663 II.
608 2619 677 2685 oep.
696 2617 752 2666 vn.
782 2603 796 2685 ξ
823 2599 855 2668 2.
870 2619 955 2665 num.
976 2601 1007 2674 l,
1032 2606 1108 2664 nota
1130 2599 1183 2682 (o).
1236 2598 1348 2665 Sensui
1368 2598 1462 2664 etiam

306 2719 526 2784 nonnunquam
555 2705 705 2763 nocuerat
729 2718 829 2784 prava
855 2695 1073 2783 interpunctio,
1107 2705 1286 2763 oonstanter
1312 2705 1460 2766 servatas

306 2799 386 2865 adeo
402 2805 447 2873 ut,
465 2805 595 2884 propter
609 2797 673 2863 tale
689 2795 809 2874 vitium,
828 2794 898 2861 Lib.
909 2797 971 2861 111.
985 2817 1051 2883 oep.
1067 2818 1116 2862 xr.
1134 2798 1191 2883 56.
1207 2817 1290 2862 num.
1310 2803 1346 2863 l:
1371 2801 1461 2864 Pbo-

306 2919 422 2974 cenom,
435 2895 469 2960 in
485 2898 630 2974 Groeeia,
645 2897 877 2982 ommuuqaiaei
892 2903 1071 2962 statuantur
1084 2899 1239 2963 Caeritum
1254 2895 1287 2961 in
1303 2899 1458 2975 Etruria,

305 3019 343 3064 eo
357 3003 526 3084 propterea
541 2996 660 3062 Auotor
674 3003 781 3061 noster
800 3017 821 3060 a
837 2993 1017 3060 Gaouovro
1043 3003 1200 3082 carpatur,
1225 3004 1259 3061 et
1281 2994 1333 3060 hio
1354 3018 1388 3061 se
1412 2996 1460 3083 ip-

305 3117 374 3162 sum
389 3093 531 3159 inanibus
548 3093 740 3180 oonjeoturis,
753 3093 795 3159 ad
807 3093 1017 3181 detegendum
1029 3094 1146 3160 fontem
1159 3094 1284 3172 erroris,
1299 3103 1457 3181 torqueat3

304 3202 341 3259 ut
366 3215 408 3259 ex
432 3192 478 3269 iis,
513 3214 585 3278 qum
610 3193 704 3258 Notae
729 3191 812 3257 illius
837 3190 881 3259 47
907 3192 1033 3278 subjeoi,
1059 3193 1156 3259 ouivis
1179 3193 1356 3283 intelligere
1378 3195 1457 3262 boet

306 3293 370 3359 Sed
385 3291 454 3358 hese
470 3293 595 3359 abunde
609 3291 771 3368 sufficiunt,
793 3291 835 3357 ad
852 3292 1077 3357 ostendendum
1093 3313 1187 3378 quem
1203 3294 1377 3360 necessaria
1392 3295 1459 3360 fue·

304 3393 348 3459 rit
363 3415 458 3480 opera
474 3401 591 3469 nostre,
616 3391 650 3456 in
666 3390 874 3457 emaonlandis
889 3399 923 3456 et
945 3391 1147 3458 restituendis
1170 3391 1246 3457 loeis
1267 3415 1330 3459 non
1352 3394 1458 3480 paneis

303 3491 416 3578 posita,
433 3491 486 3557 ubi
502 3492 621 3558 nullum
636 3499 707 3557 erat
721 3511 742 3556 1
758 3489 915 3579 prioribus
937 3498 971 3556 et
987 3490 1245 3558 emendatissimis
1261 3492 1458 3559 Editionibus

302 3589 479 3657 subsidium.

378 3689 540 3753 Praeterea
555 3707 622 3752 rem
637 3707 736 3774 prope
751 3686 893 3754 immensi
908 3687 1024 3754 laboris
1035 3689 1202 3777 adgressus
1218 3711 1295 3766 sum,
1309 3690 1458 3775 adquam

303 3785 405 3854 nullus
427 3787 538 3851 horum
562 3784 729 3851 Librorum
755 3787 927 3873 Inter-pres,
950 3795 984 3852 et
1010 3808 1052 3852 ne
1079 3788 1205 3873 quidem
1232 3789 1458 3856 eruditissimus

302 3887 335 3952 J.
351 3887 556 3950 Farnsarous
573 3886 779 3960 Gronovius,
805 3906 952 3970 umquam
978 3885 1054 3950 data
1080 3907 1177 3972 opera
1197 3887 1333 3952 animum
1356 3887 1458 3952 inten-

302 3985 423 4061 derant,
441 3985 497 4050 sed
513 3991 635 4050 tautum
651 3991 746 4070 prout
764 3983 914 4051 memoria
935 3983 1136 4072 suggerebat,
1160 3992 1216 4050 aut
1231 3985 1316 4051 alind
1333 3988 1456 4074 agendo

301 4084 436 4150 dabatur
461 4082 598 4149 ooeasio:
625 4092 662 4150 ut
685 4082 831 4148 nimirum
857 4082 960 4147 omnia
984 4083 1052 4147 looa
1074 4083 1277 4170 Scriptorum,
1304 4086 1456 4152 Veterum

301 4183 486 4271 praesertim,
510 4204 580 4267 qua
596 4182 637 4248 ab
653 4182 792 4248 Auctore
807 4189 915 4248 nostro
932 4180 1118 4247 adferuntur
1140 4191 1196 4248 snt
1210 4182 1396 4261 indicantur,
1422 4184 1456 4249 in

300 4283 375 4370 ipsis
392 4282 536 4359 fontibus,
560 4289 710 4368 qnantum
726 4281 795 4346 fieri
812 4289 926 4368 posset,
944 4301 1128 4366 quaererem,
1152 4291 1185 4348 et
1201 4282 1384 4368 plerumque
1400 4284 1457 4348 ad-

301 4391 409 4449 eurate
448 4382 664 4469 expenderem.
716 4381 786 4446 Hoo
827 4387 942 4457 eutem,
975 4387 1013 4446 ut
1051 4379 1256 4459 utilissimum,
1288 4382 1455 4469 aliquando

301 4481 395 4548 etism
413 4481 503 4549 valde
519 4480 723 4549 necessarium
740 4488 812 4547 eret
828 4480 869 4547 ad
886 4488 1021 4548 mentem
1038 4479 1185 4547 Auctoris
1203 4480 1455 4572 intelligendam:
