3234 5125
478 367 668 425 EPISTOLA
689 367 741 424 AD
764 368 982 425 LECTOREM.
1223 359 1306 424 xxvii

152 536 198 603 its
213 535 254 601 ad
269 534 406 601 infinitos
422 554 546 600 errores
567 533 870 612 animadvertendos,
892 542 960 600 tum
981 534 1014 599 in
1034 534 1172 601 numeris
1197 535 1307 602 Libro-

152 656 232 712 rum,
251 634 406 721 Capitum,
429 634 595 711 Versuum,
618 642 684 699 tum
702 633 735 699 iu
751 633 966 722 designatione
989 634 1183 720 Soriptorum
1198 636 1307 702 lauda·

152 744 265 812 torum,
291 743 358 800 tum
375 732 408 797 in
426 732 530 799 verbis
549 754 658 798 eorum
674 733 857 810 referendis,
880 741 948 799 tum
970 731 1003 798 in
1019 733 1113 800 rebus
1129 733 1215 821 ipsis,
1238 735 1306 823 plu·

152 833 266 900 rituum
280 832 357 897 mibi
373 831 501 918 proluit,
521 839 555 897 et
571 830 764 908 lectoribus,
787 852 889 919 spero,
911 833 1103 899 eommodum
1121 834 1190 900 erit.
1244 834 1307 913 Qui

152 932 330 999 Editionem
345 939 483 998 nostram
500 952 570 996 oum
585 930 745 1017 quibusvis
761 930 831 997 aliis
845 930 988 997 oonierre
1001 931 1184 1010 volueritis
1200 933 1306 1000 statim

152 1031 367 1118 deprehendet
383 1028 545 1096 innumera
561 1028 710 1116 ejusmodi
726 1028 840 1117 passim
857 1031 1031 1111 emendata,
1053 1039 1086 1097 et
1102 1031 1134 1096 in
1151 1032 1218 1119 ipso
1234 1054 1306 1099 oon-

152 1140 252 1207 textu,
276 1137 309 1196 et
322 1130 355 1195 in
371 1128 523 1218 margine,
547 1138 581 1195 et
596 1129 629 1193 in
650 1129 751 1207 Notis,
774 1130 869 1195 etiam
890 1129 944 1196 ubi
960 1130 1091 1197 Auotori
1113 1132 1306 1219 propositum

153 1238 223 1297 erat
245 1251 340 1317 quam
362 1228 594 1295 adouratissime
616 1228 684 1294 looa
709 1228 742 1294 in
766 1229 976 1295 testimonium
997 1238 1054 1296 aut
1069 1230 1306 1298 illustrationem

152 1330 288 1396 addnota
313 1329 443 1406 referre,
469 1338 502 1395 et
526 1327 671 1393 facillima
699 1329 910 1415 quaerentibus
935 1328 1078 1396 reddere.
1129 1330 1306 1417 Aliquando

153 1430 300 1496 mendum
317 1428 434 1495 eratin
457 1448 587 1493 numero
604 1426 701 1506 Libri,
725 1450 956 1516 nonnumquam
982 1428 1014 1494 in
1033 1450 1164 1496 numero
1187 1431 1306 1518 Capitis

153 1538 209 1595 aut
225 1530 355 1607 Versus,
378 1527 464 1593 haud
478 1548 552 1613 raro
568 1526 602 1592 in
617 1534 759 1615 utroque.
812 1528 975 1595 Interdum
991 1529 1085 1595 etiam
1102 1552 1198 1596 unum
1217 1532 1306 1617 Opus

155 1628 301 1695 duotoris
325 1626 483 1714 eujusdam
507 1646 565 1713 pro
589 1626 650 1693 alio
671 1626 887 1705 indioabatur3
918 1627 1053 1715 exempli
1077 1629 1190 1718 gratia,
1222 1632 1306 1696 Pau-

155 1748 281 1794 nanour
304 1728 529 1793 slbemistoelr's
545 1726 630 1803 Vita,
648 1748 706 1813 pro
719 1729 934 1803 Artamis,-
951 1728 1019 1794 Lib.
1031 1728 1058 1793 Ι.
1076 1750 1143 1815 oap.
1157 1750 1205 1794 m.
1224 1732 1304 1816 516.

154 1850 238 1894 num.
254 1830 285 1894 3.
339 1828 523 1892 Hsnonorr
554 1828 695 1903 Ursatio,
720 1847 776 1891 seu
801 1826 869 1892 Lib.
888 1847 958 1891 ιιιι.
982 1849 1041 1914 pro
1070 1828 1225 1913 Calliope,
1251 1850 1307 1895 seu

155 1927 223 1993 Lib.
241 1948 288 1993 rx.
310 1926 506 2002 laudabatur,
532 1924 601 1991 Lib.
619 1926 680 1991 lll.
703 1946 769 2011 eap.
785 1946 830 1990 ιιι.
854 1928 915 2011 53.
938 1946 1021 1989 num.
1040 1929 1071 1994 2.
1123 1926 1197 2002 Ubi,
1223 1927 1307 2012 quod

154 2027 257 2095 obiter
273 2027 413 2102 observo,
437 2046 528 2090 error
550 2024 623 2089 inde
645 2044 789 2089 manasse
810 2023 946 2103 ridetur,
973 2023 1057 2110 quod
1078 2024 1184 2090 Editio
1202 2025 1306 2092 Hero-

154 2127 249 2193 dotea
269 2127 417 2192 Hsuaror
434 2125 617 2199 Sasernam,
641 2144 721 2210 pure
741 2123 865 2201 Groeoa,
889 2144 954 2209 qua
969 2124 1088 2189 Auctor
1109 2132 1217 2191 noster
1239 2133 1307 2191 ute-

154 2226 258 2304 batur,
283 2225 327 2292 sie
344 2223 491 2291 mendosa
510 2223 551 2289 sit
570 2222 602 2287 iu
625 2222 717 2289 titulo
740 2222 872 2311 paginae,
893 2223 978 2289 unde
999 2223 1085 2290 loeus
1104 2224 1229 2291 adlatus
1250 2226 1307 2291 de·

155 2334 296 2412 promtus
312 2324 390 2391 luit:
417 2344 479 2409 quo
496 2323 588 2388 modo
604 2321 706 2409 potuit
721 2323 795 2389 alibi
811 2344 1041 2410 nonnumquam
1058 2324 1177 2390 Auotor
1196 2324 1306 2413 deeep-

154 2434 205 2491 tus
221 2425 254 2490 in
271 2444 410 2491 errorem
426 2422 574 2489 Leotores
590 2421 761 2508 oonjioare:
788 2422 929 2509 plerique
945 2432 1051 2488 tamen
1069 2446 1109 2490 ex
1128 2422 1227 2511 ipsius
1245 2424 1306 2490 fes-

154 2524 305 2592 tinatione
331 2532 387 2591 aut
409 2520 613 2612 incogitantia
639 2521 706 2588 neti
733 2520 887 2589 videntur.
940 2522 993 2589 Sio
1018 2522 1060 2589 ab
1086 2522 1184 2610 ipsius
1212 2544 1307 2591 manu

155 2624 279 2691 omnino
303 2633 361 2702 est,
385 2623 468 2710 quod
494 2621 561 2688 Lib.
577 2623 619 2687 II.
637 2642 702 2708 oap.
719 2641 791 2687 xxi.
810 2625 893 2709 513.
910 2643 995 2689 num.
1009 2624 1041 2699 2,
1065 2632 1141 2690 nota
1157 2626 1205 2709 (n)
1227 2625 1307 2689 Par-

156 2745 251 2791 uorus
275 2724 423 2811 seriptum
448 2722 593 2788 laudetur
617 2723 670 2787 De
692 2725 834 2801 Pietate,
861 2722 945 2808 quod
968 2723 1087 2788 nullum
1111 2731 1226 2799 exstat,
1248 2744 1306 2810 pro

155 2823 235 2891 libro
258 2825 310 2890 De
325 2823 529 2897 Nobilitate,⁸
555 2829 591 2886 ut
606 2819 722 2887 ibidem
739 2821 911 2887 observavi.
964 2821 1112 2907 Ejusdem
1130 2821 1217 2888 Libri
1237 2844 1306 2910 esp.

154 2921 345 3012 praoedeuti
361 2943 421 2988 xx.
446 2928 461 3008 5
475 2921 530 2996 30,
552 2928 629 2986 nota
649 2921 692 3004 (r)
706 2919 895 2985 remittimur
919 2918 961 2984 ad
977 2921 1077 2985 aerbo
1095 2919 1199 2985 Leon
1216 2924 1308 3006 apud

156 3025 392 3109 Xipbilioum
416 3041 486 3106 quae
506 3019 605 3086 verba
625 3026 698 3083 sunt
720 3020 837 3083 Marci
850 3019 1010 3083 Antonini
1033 3017 1113 3104 Imp.
1134 3026 1172 3084 ut
1186 3018 1220 3084 in
1236 3019 1308 3085 sub·

151 3121 239 3210 jecta
253 3121 339 3186 Nota
353 3128 460 3186 nostra
475 3117 673 3185 ostendimus.
726 3117 790 3184 Sed
807 3125 856 3182 est
877 3116 971 3183 etiam
992 3116 1047 3183 ubi
1065 3115 1207 3205 Soriptor
1228 3141 1308 3185 unus

158 3241 217 3309 pro
233 3218 294 3285 allo
310 3219 478 3285 certissime
497 3217 671 3283 indieaturr
696 3225 734 3283 ut
751 3217 947 3293 Isoonarss,
972 3238 1031 3304 pro
1054 3219 1221 3283 Droumro
1238 3221 1308 3283 Ha·

157 3339 414 3397 nrosnuasssusr,
439 3317 508 3384 Lib.
527 3318 570 3382 Il.
598 3337 665 3404 oap.
683 3335 724 3380 ιι.
748 3324 762 3402 5
788 3319 818 3381 2.
844 3316 899 3381 ubi
919 3315 993 3381 vide
1014 3324 1121 3382 notam
1139 3319 1179 3392 lt
1223 3316 1307 3394 alibi,

156 3440 216 3506 pro
244 3419 420 3494 AEsonms,
448 3437 516 3504 oap.
542 3435 640 3481 xxru.
666 3423 680 3502 5
703 3418 735 3482 8.
762 3435 846 3479 num.
874 3416 905 3478 1.
931 3422 968 3479 ut
991 3422 1079 3500 patet
1101 3435 1142 3479 ex
1164 3416 1250 3480 Nota
1275 3417 1307 3481 5.

157 3517 300 3584 Weissim
327 3516 581 3582 Dauosrumms
606 3536 666 3602 pro
693 3513 871 3589 Isooaars,
900 3512 968 3578 Lib.
992 3511 1038 3578 Il.
1068 3533 1136 3600 oap.
1154 3535 1211 3580 xv.
1242 3517 1307 3601 56.

156 3639 240 3686 num.
257 3620 286 3682 1.
338 3615 425 3682 Alias
449 3613 684 3689 Hrrrouauos,
710 3633 768 3699 pro
791 3611 1006 3688 Hmrauouo,
1033 3611 1103 3679 Lib.
1122 3615 1165 3680 11.
1191 3635 1258 3701 eap.
1276 3635 1308 3681 v.

159 3725 174 3805 5
192 3719 245 3782 12.
262 3736 346 3781 num.
363 3717 394 3780 3.
446 3716 572 3791 Lusias,
590 3733 648 3800 pro
665 3713 853 3788 Aunooron,
875 3715 955 3778 ibid.
976 3720 990 3799 5
1008 3715 1060 3779 13.
1077 3735 1160 3779 num.
1176 3716 1206 3780 2.
1250 3714 1310 3780 sn-

159 3835 256 3894 usoa,
281 3837 339 3903 pro
356 3815 485 3890 Pururo,
506 3812 575 3879 Lib.
593 3813 635 3878 ll.
654 3834 721 3899 cap.
737 3833 771 3877 ιι.
790 3819 805 3898 5
824 3815 855 3877 2.
876 3833 959 3877 num.
972 3813 1004 3879 2.
1029 3819 1105 3878 nota
1122 3814 1177 3899 (o).
1232 3815 1309 3879 Jus-

160 3935 267 3992 rmus,
285 3936 343 4001 pro
361 3913 502 3990 (isauro,
519 3911 657 3998 ejusdem
674 3911 762 3977 Libri
778 3931 847 3998 eap.
862 3931 919 3976 vu.
937 3914 998 3997 59.
1015 3933 1098 3978 num.
1110 3905 1142 3978 3.
1160 3911 1214 3979 ubi
1227 3913 1308 3991 ride,

160 4035 230 4101 qum
245 4013 429 4101 subjeoimus
442 4015 540 4079 notoe¹
559 4014 612 4077 62.
663 4010 763 4075 Immo
779 4013 983 4087 Eurnorrus,
999 4011 1119 4078 Auctor
1136 4013 1312 4079 Brevioria‘

161 4113 275 4190 Latini,
306 4134 364 4200 pro
396 4115 509 4178 Drous
538 4109 653 4176 Cassio
688 4111 860 4176 Hormo
888 4111 1004 4177 Graeeo
1032 4110 1122 4177 testis
1153 4110 1311 4178 indioatur

161 4213 245 4279 eoois
265 4208 472 4306 Ἂντίψυχοι,
494 4211 535 4277 de
551 4208 693 4278 Vadibus
709 4219 878 4296 usurpatae,
902 4209 972 4279 Lib.
989 4211 1032 4276 ll.
1050 4231 1117 4298 oap.
1132 4233 1204 4276 xxi.
1224 4213 1310 4298 511,

205 4469 228 4530 [¹
256 4471 432 4517 Gronovianam
448 4471 517 4529 diclt;
545 4471 614 4516 notat
628 4472 708 4516 autem
725 4468 742 4516 1.
753 4483 774 4515 o.
791 4467 972 4531 Barbeyrsdns,
990 4483 1019 4517 ea
1034 4484 1088 4530 qna
1102 4467 1201 4515 Jmtino
1217 4451 1310 4520 mus

162 4545 246 4592 tribuit
260 4545 367 4603 Grotius,
376 4557 460 4593 mera
470 4545 501 4601 Q.
514 4542 593 4592 Gurtll
604 4555 662 4601 esee,
672 4543 725 4591 Lib.
735 4555 762 4590 x.
773 4557 827 4603 oap.
837 4541 877 4590 vlt
888 4557 912 4590 n.
922 4547 945 4591 2.
976 4543 1010 4590 ll.
1021 4543 1054 4590 Δ.
1066 4541 1114 4602 m]
