3234 5125
729 341 783 404 xxi

177 520 290 599 Quam
306 540 390 586 vcro
407 519 588 605 pulchrum
604 518 682 596 hoc,
701 539 805 603 quam
827 516 1027 603 gloriosum,
1046 539 1151 602 quam
1167 515 1234 604 ipsi
1251 539 1333 585 con-

175 634 330 702 scientia
352 634 479 712 lustum,
503 639 544 701 ut
569 635 599 701 si
624 634 764 719 quando
787 633 841 699 Te
860 633 960 701 Deus
981 633 1028 699 ad
1050 655 1150 700 suum
1173 655 1332 719 regnum,

176 752 270 835 quod
302 751 413 817 solum
447 757 510 817 tuo
542 751 666 818 melius
700 756 764 829 est,
799 751 986 827 vocaverit,
1019 751 1187 817 audacter
1220 750 1331 836 possis

176 866 313 933 dicere:
331 866 437 933 Hunc
454 887 523 952 ego
540 889 562 932 a
579 866 632 934 Te
648 866 805 952 gladium
823 889 887 953 pro
903 866 928 932 J
928 866 1055 933 ustitia
1072 865 1185 933 tutela
1200 866 1331 953 accepi,

175 982 267 1049 hunc
284 982 350 1048 tibi
367 980 493 1049 nullius
509 987 644 1048 temere
660 981 729 1049 fusi
746 980 925 1068 sanguinis
941 1002 1049 1064 reum,
1064 1004 1199 1068 purum,
1216 981 1331 1049 inson-

175 1104 317 1183 temque
344 1097 466 1165 reddo.
518 1097 575 1163 Ita
601 1097 673 1175 fiet,
701 1102 743 1163 ut
775 1119 861 1182 quas
892 1119 957 1165 nos
989 1119 1082 1163 nunc
1113 1096 1252 1183 regulas
1283 1119 1330 1165 ex

175 1212 272 1280 libris
298 1213 460 1300 petimus,
488 1213 525 1279 iu
555 1220 734 1300 posterum
762 1236 808 1281 cx
835 1214 921 1281 Tuis
946 1214 1141 1281 actionibus
1163 1221 1331 1298 tanquam
1442 1302 1445 1307 Ι

176 1350 222 1396 ex
246 1329 501 1415 perfectissimo
533 1329 725 1416 exemplari
752 1335 926 1416 petantur.
979 1331 1083 1409 Quod
1109 1332 1223 1417 ipsum
1249 1352 1330 1398 cum

177 1444 222 1512 sit
247 1444 448 1523 maximum,
480 1445 557 1532 plus
589 1453 708 1513 tamen
740 1446 873 1531 aliquid
897 1469 920 1513 a
944 1447 998 1515 Te
1030 1447 1173 1535 exigere
1197 1447 1331 1514 audent

179 1561 453 1629 Christianorum
475 1562 613 1649 populi:
639 1573 680 1629 ut
705 1562 841 1629 scilicet
865 1564 1048 1631 exstinctis
1070 1565 1199 1649 ubique
1226 1563 1331 1630 armis

176 1699 246 1763 pax
263 1698 325 1745 sua
346 1700 416 1744 non
439 1678 594 1765 imperiis
616 1684 764 1756 tantum,
782 1679 846 1746 sed
863 1685 901 1746 et
917 1680 1084 1747 Ecclesiis
1102 1680 1155 1747 Te
1172 1680 1330 1747 Auctore

178 1794 310 1873 redeat,
328 1794 511 1879 discatque
536 1801 656 1861 nostra
677 1802 762 1861 aetas
779 1796 962 1863 arbitrium
979 1797 1095 1863 subire
1113 1796 1187 1881 ejus
1204 1795 1329 1872 aetatis,

179 1932 282 1996 quam
305 1932 388 1977 vera
418 1912 622 1996 sinceraque
648 1911 717 1977 fide
744 1910 977 1977 Christianam
1009 1912 1116 1978 fuisse
1143 1910 1330 1977 Christiani

178 2046 298 2093 omnes
323 2028 533 2112 profitemur.
585 2026 758 2093 Pertaesos
778 2024 1030 2092 discordiarum
1046 2026 1180 2093 animos
1197 2025 1332 2094 excitat

178 2142 215 2208 in
230 2142 320 2210 hauc
337 2164 435 2229 spem
451 2163 575 2210 recens
596 2148 778 2209 contracta
800 2142 894 2208 iuter
909 2141 963 2208 Te
980 2147 1019 2209 et
1040 2141 1332 2228 sapientissimum

177 2258 341 2345 pacisque
372 2258 464 2325 illius
495 2262 625 2325 sanctoe
659 2257 935 2325 amantissimum
968 2258 1110 2344 Magnae
1142 2258 1330 2325 Britanniae

178 2374 314 2461 Regem
329 2375 492 2453 amicitia,
510 2382 549 2443 et
564 2374 838 2461 auspicatissimo
856 2374 992 2442 Sororis
1009 2375 1093 2441 Tua
1109 2374 1332 2442 matrimonio

178 2489 356 2559 foederata.
406 2490 559 2559 Difficile
582 2492 775 2578 negotium,
800 2496 944 2579 propter
967 2491 1084 2558 studia
1099 2491 1251 2578 partium
1268 2490 1331 2577 gli·

179 2608 355 2676 scentibus
386 2607 423 2674 in
456 2608 531 2676 dies
563 2608 653 2675 odiis
685 2609 919 2674 inflammata:
951 2607 1015 2675 sed
1041 2608 1149 2674 tantis
1173 2607 1331 2694 Regibus

179 2722 263 2789 nihil
289 2723 443 2810 dignum,
466 2723 533 2790 nisi
562 2723 657 2808 quod
682 2723 831 2801 difficile,
858 2723 925 2790 nisi
950 2723 1045 2808 quod
1070 2723 1146 2790 aliis
1171 2723 1331 2790 omnibus

180 2838 412 2926 desperatum.
462 2839 562 2907 Deus
586 2839 691 2926 pacis,
716 2838 816 2906 Deus
837 2839 994 2925 justitias,
1020 2838 1100 2905 Rex
1117 2840 1226 2924 juste,
1252 2838 1332 2906 Rex

179 2955 332 3040 pacifice,
358 2976 438 3021 cum
470 2953 546 3022 aliis
578 2953 679 3021 bonis
713 2954 875 3020 omnibus
903 2957 979 3019 tum
1004 2952 1070 3019 hac
1096 2953 1203 3019 etiam
1227 2952 1332 3021 laude

181 3069 334 3138 cumulet
351 3073 462 3138 Tuam
481 3071 559 3138 Suae
576 3069 770 3157 proximam
786 3069 1020 3156 questatem.
1047 3069 1106 3136 oIo
1119 3069 1159 3136 Io
1169 3089 1277 3135 cxxv.
