3234 5125
340 329 404 392 210
588 333 641 388 DE
663 333 777 388 BEth
799 330 943 396 cemele,
964 330 1015 386 ET
1036 327 1194 384 PRIMUM
1315 322 1387 393 [lam.
1400 326 1438 380 11.

340 511 436 568 mont
459 499 610 576 nominee,
634 502 818 566 monendos
841 499 928 564 ultro
953 519 986 563 ec
1010 498 1156 582 efficiunt,
1180 505 1212 558 ct
1236 493 1395 576 injuriam
1415 514 1440 557 a

339 601 432 666 nobee
455 599 630 684 repulsam,
657 611 816 681 tanquam
841 609 902 663 ont
917 600 1034 682 socero
1056 607 1116 660 ont
1134 593 1215 678 pati
1239 613 1360 658 mcceee
1383 593 1438 666 eit,

341 700 541 784 injnnpimue
569 698 659 763 aliie.
711 697 751 761 In
775 696 854 762 teles
885 716 948 762 non
973 693 1055 759 mele
1085 689 1229 758 convenit
1253 690 1330 755 illud
1354 689 1439 755 Vibii

175 807 297 846 ΜΘΝ*
344 796 445 883 Crispi
461 818 482 862 s
499 795 689 874 Quintiliano
708 795 877 872 lnndstnm,
898 796 979 871 Quis
994 795 1056 859 tibi
1076 793 1125 858 eie
1143 793 1253 856 tinem
1267 789 1441 876 perstitit?

175 853 329 959 illinc
342 895 446 962 Etiam
463 894 554 961 Liris
568 894 653 982 spnd
668 893 801 960 Dionem
818 893 872 971 eit,
890 891 1048 959 infamiam
1064 912 1118 957 eos
1134 910 1197 955 non
1216 889 1365 978 elingere,
1384 886 1439 976 qni

341 995 460 1062 ieoinns
475 993 559 1080 qnod
575 993 695 1070 timent,
712 999 872 1080 occupent.

418 1097 439 1159 2
474 1093 567 1171 Quod
593 1092 620 1157 si
646 1093 716 1179 quis
738 1091 802 1158 rim
827 1112 889 1156 non
910 1088 977 1177 j'em
997 1099 1184 1178 presentem
1211 1089 1355 1165 intentet,
1382 1085 1439 1152 sed

342 1193 519 1280 conjuresse
542 1199 598 1257 ent
621 1190 760 1257 insidinri
780 1198 959 1276 compertus
980 1189 1031 1270 sit,
1049 1191 1076 1255 si
1093 1212 1245 1256 venenum
1262 1183 1438 1264 strumosi

341 1293 451 1357 felsem
476 1289 710 1368 coemtionem,
737 1289 850 1355 falsum
875 1288 1095 1367 testimoninm,
1124 1288 1262 1375 iniquum
1286 1285 1437 1373 judicium

341 1389 454 1466 moliri,
479 1389 562 1454 hunc
585 1409 667 1477 nego
689 1388 762 1475 jure
786 1407 878 1475 posse
902 1387 1053 1466 interfici;
1089 1388 1116 1454 si
1150 1397 1205 1454 snt
1229 1385 1320 1454 aliter
1345 1383 1439 1450 evedi

342 1487 513 1576 perieulum
527 1495 649 1574 potest:
672 1496 728 1552 eut
751 1508 815 1551 non
840 1493 959 1553 certum
983 1487 1059 1554 setis
1084 1496 1133 1555 ost
1157 1486 1248 1553 aliter
1264 1484 1355 1551 evedi
1375 1503 1440 1547 non

342 1608 440 1674 posse.
492 1585 681 1673 Plerumque
702 1584 784 1651 enim
808 1585 991 1672 interposite
1010 1586 1159 1674 temporie
1175 1607 1264 1651 more
1284 1583 1325 1650 nd
1341 1581 1440 1647 multe

341 1684 492 1762 remedie,
517 1684 560 1750 ed
583 1685 697 1750 multos
714 1683 809 1750 etism
833 1705 922 1750 cesus
938 1692 1043 1770 putet:
1069 1693 1105 1750 nt
1126 1684 1187 1751 dici
1200 1684 1288 1764 solet,
1306 1682 1389 1748 inter
1405 1700 1441 1745 os

344 1791 378 1850 et
402 1783 514 1849 offeni:
542 1804 729 1869 quemquem
755 1803 819 1847 non
844 1781 957 1849 desunt
979 1793 1012 1849 et
1035 1782 1197 1872 Theologi,
1223 1790 1256 1848 et
1280 1781 1305 1845 J
1307 1780 1442 1846 urisoon-

175 1882 425 1976 ffiffisulti,
455 1881 509 1969 qui
539 1881 764 1970 indulgentiam
794 1902 883 1952 suem
915 1881 1037 1971 longius
1071 1882 1249 1950 extendant.
1312 1878 1376 1945 Sed
1409 1883 1442 1943 et

341 2039 647 2100 Nequeenimherunus,
653 2037 866 2100 dict.Lib.11.peg.
917 2041 984 2087 bona.
1005 2041 1095 2088 Penlns
1104 2039 1281 2087 Sententiarum
1291 2050 1320 2086 w.
1328 2035 1368 2083 nc
1376 2032 1442 2084 xxiii.

339 2115 866 2172 448.ubidessdemre,nllnmmetnsmen-
916 2109 966 2170 §3-
987 2110 1029 2170 qui
1044 2111 1157 2158 latronem
1171 2109 1256 2157 coedcm
1274 2107 1322 2155 eibi
1338 2107 1442 2167 isseret-

338 2190 431 2236 tlonem
457 2189 522 2236 tent
551 2187 618 2235 Vltio
642 2187 763 2234 memoriis
789 2187 866 2246 igitur
916 2185 1090 2242 &aulalium
1097 2186 1218 2246 quanda
1227 2190 1333 2244 stuprum
1339 2181 1442 2243 inferes·

339 2263 435 2310 Auctor
448 2263 509 2309 duos
527 2262 589 2308 istos
606 2261 740 2308 Historicos
756 2261 821 2308 inter
839 2275 865 2308 se
915 2263 960 2305 sm
970 2259 1090 2317 occiderit,
1096 2260 1182 2319 puniri
1191 2274 1237 2305 non
1244 2259 1348 2319 placuit.
1368 2255 1442 2304 Alius

339 2336 456 2382 confudit.
488 2335 560 2382 Adde
574 2334 665 2380 dictum
678 2335 745 2381 uliud
758 2335 864 2395 ejusdem
915 2333 976 2380 enim
985 2334 1065 2390 uitam,
1075 2334 1139 2379 alius
1144 2334 1260 2393 pudorem
1269 2331 1441 2393 publiresaci·

340 2410 457 2458 (insnum
466 2409 651 2468 spndsmsnon,
663 2407 748 2454 ianl.
759 2422 780 2455 c.
790 2411 828 2456 80.
840 2412 865 2454 et
915 2421 973 2454 nore
993 2407 1105 2468 defendit.
1135 2407 1288 2468 Augustinus
1307 2407 1369 2453 libro
1380 2418 1398 2452 ι.
1413 2403 1442 2454 dc

338 2481 766 2542 Pnnrmmstitoaenpttos.
786 2480 864 2543 J.B.]
915 2481 1003 2529 Libun
1020 2482 1150 2530 Arttsn'o:
1172 2483 1225 2530 Les
1245 2483 1289 2528 det
1302 2485 1442 2541 potantem

383 2557 494 2605 ‘Innnit
505 2557 586 2605 locum
600 2557 769 2605 Deuter.xxii.
780 2557 864 2615 send
914 2557 952 2605 nei
964 2558 1088 2605 emoneo
1101 2557 1441 2617 ldrmmubwipnec-

338 2632 403 2680 unde
413 2636 504 2686 tumen,
513 2632 534 2677 si
543 2631 617 2679 series
630 2630 745 2677 cretionis
759 2645 864 2691 perpen-
915 2633 1018 2690 ridetur,
1033 2634 1126 2680 occidet
1132 2650 1144 2690 ;
1159 2636 1196 2680 rel
1213 2634 1317 2693 cuipviusn
1333 2633 1386 2678 uiro
1399 2636 1442 2678 aed

339 2708 419 2760 detur,
433 2720 482 2752 uon
495 2710 577 2766 potest
591 2705 651 2762 eliel,
666 2706 752 2752 ssltem
766 2706 865 2764 directe,
908 2706 1008 2767 fernim
1017 2712 1043 2752 ut
1051 2707 1149 2753 melone
1158 2708 1204 2753 sibi
1210 2712 1365 2767 stupratorem
1374 2706 1441 2751 im·

339 2782 479 2842 pudicitinm
489 2780 678 2840 ueeedsqumi.
707 2779 778 2827 «ΚΒ.
915 2787 993 2837 onem,
1004 2781 1212 2841 urstposte'thstum
1224 2787 1337 2841 stupam,
1350 2781 1373 2827 ei
1382 2794 1440 2839 pos·

384 2864 397 2889 ¹³
411 2856 626 2903 Pudicitieusritae
637 2853 756 2915 duona]
773 2856 865 2903 senece
914 2856 1086 2913 sitintcrimut.
1112 2855 1219 2916 [Ceph.
1240 2854 1440 2902 Itehunelocum

339 2931 370 2979 ds
381 2932 508 2991 Beneficiis
524 2930 609 2991 primo,
625 2929 704 2989 cupite
723 2930 863 2979 undecimot
915 2930 1048 2989 Augustini
1069 2930 1165 2977 Auetor
1187 2934 1268 2976 nostm
1288 2929 1440 2985 laderaren

340 3006 462 3053 Proetum
471 3006 503 3052 ub
517 3005 556 3052 bis
565 3009 620 3051 ms
627 3004 678 3049 dns
687 3004 772 3063 quibua
776 3018 864 3063 purn-
915 3005 980 3051 nude
989 3004 1014 3049 in
1021 3004 1177 3063 sequentibus
1186 3005 1249 3051 Iidd.
1259 3005 1375 3059 fecerent,
1385 3009 1440 3049 ruste

338 3092 390 3125 m
403 3079 496 3137 quidese
512 3079 597 3135 risere,
611 3078 654 3123 sed
667 3082 694 3122 ut
708 3091 771 3124 nors
783 3078 866 3137 potios·
915 3078 1123 3137 supertitiosum
1136 3083 1242 3137 emptum
1256 3076 1299 3125 hc.
1316 3078 1383 3125 nulle
1396 3091 1440 3124 ue·

339 3151 866 3214 siesmqmttertaemrpudicninecm
916 3152 1033 3209 eeesitste,
1042 3152 1198 3212 ponteonem
1208 3166 1363 3213 senemquem
1373 3154 1440 3201 Ano·

339 3355 432 3427 [See]
468 3359 575 3417 Gellius
586 3377 658 3433 seps,
676 3379 695 3416 s
708 3377 775 3417 men
790 3363 815 3418 is
832 3368 882 3418 not
902 3366 933 3417 to
950 3366 997 3416 eet
1015 3360 1072 3415 like
1090 3378 1108 3415 e
1124 3360 1272 3431 gladiator,
1287 3359 1350 3415 who
1364 3367 1439 3417 must

338 3444 391 3499 kill
405 3461 439 3499 or
451 3445 488 3501 be
499 3446 595 3502 killed.
643 3447 681 3501 So
696 3447 803 3512 dicero,
819 3448 923 3519 quoted
938 3447 977 3518 by
991 3446 1162 3510 Quintilian:
1193 3447 1349 3517 Euripides,
1361 3446 1439 3501 Thu·

340 3530 464 3598 oydidee,
482 3532 562 3603 Livy.
608 3532 764 3595 Quintilian
778 3539 886 3603 quotes,
901 3533 969 3587 Wbo
984 3532 1096 3586 ulhwsd
1110 3550 1166 3602 yon
1179 3533 1339 3606 missar?
1374 3531 1439 3587 And

340 3630 372 3670 so
385 3616 468 3669 Liris
480 3617 510 3669 in
520 3617 588 3671 Dio.
626 3612 717 3685 [See]
1432 3632 1437 3657 ²

395 3706 413 3751 2
439 3699 470 3753 li
480 3716 536 3770 eny
547 3716 602 3754 one
613 3700 703 3755 direct
714 3701 824 3771 egeinst
836 3718 869 3757 us
880 3702 1005 3757 violence
1017 3706 1068 3757 not
1079 3708 1193 3773 present
1203 3720 1211 3767 ς
1232 3718 1262 3756 ee
1273 3701 1299 3755 ii
1308 3702 1345 3756 be
1355 3702 1438 3757 melre

341 3797 359 3833 e
371 3784 544 3853 conspiracy,
561 3799 594 3837 or
606 3783 700 3853 leyen
712 3785 840 3847 ombusb,
857 3801 891 3839 or
901 3791 953 3856 put
964 3787 1063 3857 poison
1075 3787 1105 3839 in
1122 3802 1175 3840 our
1185 3804 1254 3857 wey,
1268 3803 1301 3841 or
1311 3788 1393 3841 eseeil
1404 3803 1438 3841 us

340 3865 409 3918 with
422 3881 441 3918 s
457 3862 528 3921 feles
542 3870 711 3932 ecensntion,
735 3869 808 3923 false
828 3870 988 3941 testimony,
1007 3888 1041 3927 or
1062 3871 1215 3941 iniqnitous
1231 3871 1399 3941 judgment;
1422 3871 1439 3925 I
1535 3870 1539 3881 '

340 3948 417 4019 deny
436 3948 500 4005 thet
521 3950 559 4005 he
579 3968 645 4023 mey
668 3953 705 4007 be
721 3953 848 4025 lewinlly
862 3954 942 4020 slnin,
963 3955 989 4009 ii
1004 3956 1096 4011 either
1113 3956 1163 4012 the
1189 3956 1296 4027 danger
1313 3972 1380 4027 mny
1401 3956 1438 4012 be

340 4032 488 4089 otherwise
501 4035 628 4102 avoided,
649 4054 682 4092 or
701 4038 725 4092 it
744 4038 780 4093 be
797 4045 848 4093 not
867 4042 974 4095 certain
995 4039 1057 4095 thet
1076 4042 1100 4096 it
1119 4048 1224 4096 cannot
1240 4041 1277 4096 be
1291 4040 1439 4096 otherwise

339 4119 468 4174 eroided.
512 4120 570 4175 For
589 4121 673 4194 deley
693 4122 788 4179 sllows
809 4140 941 4180 reoourse
961 4130 991 4179 to
1011 4142 1097 4197 msny
1116 4126 1254 4182 remedius
1276 4128 1331 4181 end
1353 4143 1439 4198 mnny

340 4204 477 4271 messe
498 4222 529 4260 es
543 4222 585 4260 we
603 4222 662 4278 esy,
678 4207 805 4264 between
819 4210 869 4265 the
888 4226 943 4281 cup
957 4209 1013 4264 end
1034 4210 1084 4266 the
1102 4211 1151 4283 lip.
1197 4212 1343 4283 Although
1357 4212 1439 4267 there

339 4308 390 4346 ere
403 4298 454 4348 not
467 4293 591 4363 wenting
604 4291 673 4348 both
687 4294 791 4349 durists
805 4295 862 4349 end
876 4296 992 4350 Dirines
1008 4295 1071 4351 who
1087 4297 1191 4352 extend
1205 4296 1255 4353 the
1269 4297 1437 4367 indulgence

339 4376 459 4433 further.
496 4380 554 4433 But
565 4377 615 4434 the
626 4379 709 4434 other
721 4379 846 4451 opinion,
860 4380 984 4438 whiehis
998 4380 1047 4437 the
1059 4383 1153 4439 better
1167 4383 1224 4439 end
1238 4384 1321 4449 sefer,
1339 4384 1362 4438 is
1376 4382 1436 4437 elec

340 4468 392 4517 not
402 4463 521 4521 without
531 4466 568 4522 its
582 4464 757 4522 euthorities.
