3234 5125
162 334 245 393 σοι».
262 338 286 396 1.
471 340 878 415 camerinensem
901 342 981 400 rus
1235 333 1278 397 ιο

157 499 410 591 promissionum
431 510 534 569 essent
553 502 731 593 participes,
757 526 830 592 quae
851 528 915 572 non
937 526 1115 572 communes
1139 506 1278 572 humano

161 601 295 689 generi,
321 602 377 669 sed
396 602 536 669 Hebreo
551 604 666 692 popule
690 614 780 671 erant
801 605 989 693 peculiares:
1014 625 1193 691 quanquam
1212 625 1278 670 non

161 720 287 789 negem
303 701 526 789 posterioribus
542 702 661 769 seculis
682 703 845 770 accessisse
868 704 963 771 etiam
979 704 1013 769 in
1031 703 1186 770 nonnullis
1201 725 1276 793 pra·

162 820 248 869 vam
270 800 454 889 opinionem,
477 802 566 889 quasi
586 810 679 868 extra
695 804 719 867 J
721 802 894 870 udaismum
911 803 994 869 salus
1010 824 1072 868 non
1089 812 1179 869 esset.

251 899 272 971 7
306 899 391 967 Ηίιιο
416 900 595 991 colligimus,
621 901 706 969 nulla
730 910 823 991 parte
841 903 922 991 legis
946 901 1105 980 Hebraea),
1134 924 1197 989 qua
1225 902 1277 970 lex

162 1006 222 1067 est
244 999 379 1087 proprie,
405 1022 462 1067 nos
486 999 627 1091 obligari,
661 1000 735 1088 quia
767 1001 917 1090 obligatio
950 1011 1043 1069 extra
1069 1002 1124 1089 jus
1151 1011 1276 1070 naturoe

161 1097 260 1166 venit
276 1121 316 1165 ex
332 1100 493 1167 voluntate
508 1100 610 1190 legem
635 1100 774 1168 ferentis.
825 1102 930 1169 Deum
955 1108 1059 1169 autem
1082 1100 1216 1169 voluisse
1239 1110 1277 1169 ut

161 1196 228 1264 alii
242 1219 335 1285 quam
352 1199 504 1266 Israelitis
525 1200 587 1267 ista
607 1199 678 1289 lege
703 1209 896 1279 tenerentur,
922 1202 1008 1268 nullo
1033 1200 1147 1269 indicio
1171 1210 1276 1290 potest

162 1296 375 1385 deprehendi.
426 1300 499 1364 Non
522 1300 629 1389 igitur,
654 1322 711 1366 nos
727 1301 813 1387 quod
827 1301 950 1380 attinet,
968 1301 1131 1389 probanda
1146 1310 1195 1368 est
1210 1301 1275 1368 ulla

161 1394 252 1486 legis
273 1398 457 1489 abnegatio:
479 1421 552 1466 nam
581 1421 639 1465 nec
667 1399 816 1489 abrogari
847 1401 951 1488 potuit
982 1423 1090 1468 eorum
1118 1410 1274 1490 respectu,

162 1514 251 1584 quos
274 1519 432 1586 nunqnam
457 1498 631 1566 obstrinxit.
684 1499 748 1566 Sed
772 1501 814 1567 ab
838 1500 991 1567 Israelitis
1009 1501 1116 1568 ablata
1131 1511 1180 1568 est
1197 1502 1274 1568 obli·

163 1596 268 1685 gatio,
293 1598 397 1683 quoad
419 1596 544 1665 ritualia
568 1598 704 1685 quidem,
729 1598 836 1665 statim
860 1608 1024 1687 postquam
1039 1600 1091 1667 lex
1107 1600 1273 1690 Evangelii

162 1694 265 1783 coepit
280 1696 492 1785 promulgari;
518 1698 602 1783 qnod
618 1696 839 1783 Apostolorum
855 1698 990 1786 principi
1010 1698 1095 1765 clare
1110 1699 1170 1766 init
1183 1722 1274 1766 reve-

161 1794 280 1871 latum,
299 1794 369 1859 Act.
382 1816 414 1863 x.
433 1796 495 1871 15;
527 1795 629 1881 quoad
646 1802 752 1860 cetera
765 1817 852 1873 vero,
875 1805 1040 1883 postquam
1061 1798 1193 1884 popalus
1208 1798 1272 1877 ille,

161 1913 231 1981 per
248 1891 399 1958 excidium
415 1892 502 1958 urbis
517 1901 550 1959 et
571 1892 802 1972 desolationem,
828 1893 962 1981 praecisa
980 1893 1084 1961 ⁹omni
1105 1916 1162 1983 spe
1182 1895 1274 1963 resti-

163 1990 310 2069 tutionis,
328 1991 460 2079 populus
476 2013 544 2057 esse
561 1991 663 2057 desiit.

247 2094 268 2157 8
301 2090 334 2155 N
335 2112 369 2156 os
389 2113 465 2157 vero
485 2089 667 2181 alienigena
690 2113 752 2157 non
770 2091 804 2159 id
822 2092 941 2160 Christi
960 2094 1100 2160 adventu
1118 2089 1273 2159 consecuti

165 2210 285 2268 sumus,
311 2197 348 2257 ut
371 2190 468 2257 Mosis
492 2190 563 2282 lege
584 2212 648 2257 non
667 2200 857 2269 teneremur,
880 2194 937 2260 sed
956 2193 1060 2282 utqui
1075 2201 1170 2259 autea
1185 2212 1273 2279 spem

170 2363 221 2424 Qvi
230 2366 291 2413 bona
300 2367 420 2427 republica
422 2367 481 2429 fita
490 2368 568 2425 vetius,
583 2367 603 2414 ii
617 2368 698 2417 dotem
744 2370 894 2431 κοχόρηκεν,
907 2370 979 2419 ἐστιν
994 2369 1026 2418 eis
1043 2369 1183 2431 αὐτόχθων.
1206 2369 1272 2415 Pro·

166 2454 217 2486 ma
226 2442 302 2488 literis
311 2443 406 2503 implere
410 2444 574 2504 pertimesci
578 2445 603 2490 ia
610 2444 698 2491 animis
742 2446 831 2505 scipine
840 2445 883 2507 qui
891 2446 1042 2492 circamim
1049 2446 1140 2505 popule
1149 2460 1175 2492 νο
1186 2458 1273 2505 νοονε-

167 2514 328 2577 actiacam
336 2518 450 2580 estfirre.
743 2521 1051 2582 uceit,parertiadiqenoe.
1062 2520 1195 2581 [p.8bl.n.
1209 2519 1274 2566 tide

214 2589 226 2624 ¹¹
240 2593 324 2640 Etiam
339 2595 402 2642 citra
411 2595 607 2644 circumcisionem
617 2595 696 2644 Deam
743 2599 827 2642 umen
837 2609 892 2655 qun
906 2596 938 2642 ad
952 2595 1018 2642 hunc
1031 2596 1051 2642 l.
1060 2595 1187 2642 mutarit
1202 2594 1273 2642 octe.

166 2671 230 2713 reris
239 2667 624 2731 cclietpropitiaeultabcripcne]
640 2672 697 2731 Ipse
747 2669 802 2730 fa]

168 2741 294 2804 ihyphon,
312 2745 438 2806 derigere
452 2747 585 2804 remittens,
596 2746 696 2792 Justino
789 2753 807 2778 ¹¹
830 2743 930 2791 Partiri
947 2747 976 2791 at
993 2758 1076 2791 earm
1090 2744 1273 2804 proutioeim

168 2817 205 2865 flia
218 2819 268 2866 uit:
285 2819 385 2880 μένοντί
400 2837 441 2868 σοι
456 2821 484 2868 ιν
498 2821 582 2880 ἐκείνῳ
597 2821 637 2881 τῷ
650 2823 696 2875 τῆς
744 2823 819 2864 mori
824 2817 971 2878 participes]
987 2819 1022 2866 itt
1031 2820 1063 2864 ob
1072 2819 1098 2864 td
1106 2820 1139 2864 ed
1151 2819 1273 2865 Puobalis

169 2891 328 2953 φιλοσοφίαι
342 2893 432 2955 τρόπῳ
448 2895 522 2942 ἐλπὶς
539 2893 695 2940 ὑπελείπετο
742 2893 1274 2952 rituseommunionemedmittebuntur.[vid.

166 2969 293 3028 ἄμοινονοο
312 2970 415 3031 μοιροο·
439 2971 462 3016 ei
481 2971 507 3015 in
526 2970 572 3016 itta
586 2969 696 3029 philone·
744 2964 1031 3025 Exodxii.19,tt,48].

165 3044 262 3106 piandi
269 3047 362 3092 restim
371 3045 503 3101 πιοποίοοοο,
512 3048 565 3090 erat
579 3044 624 3090 tibi
638 3043 695 3090 reli·
788 3039 799 3070 ⁹
814 3041 855 3088 Itu
869 3040 996 3098 edidimus,
1011 3054 1086 3102 Qum
1099 3043 1172 3088 autes
1181 3041 1208 3088 iu
1217 3055 1272 3090 om-

168 3131 218 3180 qua
226 3119 568 3180 rpnaliquaetatueraelicrrb.
579 3117 648 3180 [pag.
657 3118 695 3168 29.
743 3116 814 3163 uibus
834 3117 979 3164 editionibus
1001 3117 1083 3174 fuerit,
1106 3117 1272 3164 desolationem

169 3192 281 3241 Ceterum
292 3195 322 3240 de
331 3194 430 3241 Annia
440 3193 486 3240 isto
498 3193 551 3238 vide
559 3207 613 3252 qma
623 3193 696 3239 habet
741 3193 871 3252 ρνοοιοοοι
884 3192 935 3238 riae
948 3206 989 3252 ορο
1002 3193 1164 3240 restitutionis.
1196 3193 1273 3240 Nihili

169 3267 201 3315 V.
215 3268 243 3316 G.
260 3269 365 3314 Parnes
383 3268 547 3314 Wassnnrse.
573 3266 694 3314 Obserrut.
743 3266 1112 3326 estilludmdsmjunctnm
1124 3269 1164 3326 uqi
1178 3267 1272 3313 desolu-

168 3343 214 3390 Lib
224 3357 242 3391 r.
253 3357 306 3403 cap.
315 3341 351 3402 91.
743 3341 835 3387 tionem
866 3341 937 3386 Unde
955 3346 1037 3386 autem
1053 3353 1120 3386 error
1133 3342 1272 3400 typotheta-

210 3417 217 3452 ¹
230 3418 357 3476 Purijure
366 3423 434 3464 ονοοι
441 3432 492 3465 cam
498 3415 629 3477 Israelitis]
637 3417 654 3465 J
655 3431 694 3463 us·
741 3429 796 3463 rum
805 3416 837 3461 ab
844 3415 952 3462 Auctore
963 3414 1017 3475 ipsc
1023 3415 1094 3460 rebus
1107 3415 1189 3474 potius
1199 3429 1272 3475 quem

169 3493 233 3541 tinus
242 3493 362 3554 colloquio
372 3507 426 3539 cum
439 3493 584 3552 tryphone:
598 3491 695 3550 sceeri·
742 3489 823 3537 vernn
835 3489 930 3537 intento
939 3502 988 3536 uon
1002 3489 1180 3536 animadverem
1188 3503 1273 3537 mane·

168 3569 245 3618 λυτοο
254 3568 470 3629 περιτεμνόμενα,
476 3568 543 3628 eicqi
550 3567 606 3628 λαῷ
611 3585 693 3627 προσ·
742 3565 812 3623 verit,
822 3565 899 3627 quivis
903 3564 975 3612 facile
984 3563 1101 3625 conjicere
1109 3568 1199 3625 petest.
1208 3565 1273 3618 J.B.

167 3823 320 3879 indication
331 3821 395 3877 thet
406 3821 430 3876 it
440 3837 495 3876 was
507 3821 557 3876 the
569 3821 625 3876 will
639 3821 673 3877 oi
682 3821 746 3876 (iod
757 3820 822 3876 that
835 3819 931 3876 others
944 3818 1054 3875 besides
1066 3816 1116 3874 the
1129 3815 1272 3876 Israeliten

165 3907 267 3963 should
278 3908 315 3964 be
326 3907 424 3963 bound
434 3907 474 3980 by
485 3907 548 3962 that
560 3908 620 3963 lau.
649 3907 702 3962 We
713 3906 785 3962 hare
797 3905 940 3962 therefore
952 3921 990 3960 no
1002 3905 1131 3960 occasion
1142 3910 1173 3960 to
1184 3921 1273 3978 prore

166 3992 217 4048 the
230 3994 395 4065 abrogation
411 3993 445 4048 oi
455 3993 512 4049 this
526 3993 594 4058 lsw3
609 3993 656 4047 for
668 3993 693 4046 it
704 3992 788 4048 could
801 3997 853 4046 not
866 3990 904 4046 be
916 3990 1072 4069 abrogated
1089 3989 1157 4046 with
1168 3990 1272 4062 regard

166 4081 198 4132 te
212 4076 293 4133 those
307 4078 369 4134 who
383 4095 457 4134 uere
471 4095 558 4134 never
571 4077 668 4133 bound
679 4077 718 4150 by
731 4078 764 4133 it.
802 4075 882 4132 With
895 4076 997 4148 rogari
1010 4081 1042 4132 tc
1056 4075 1106 4130 the
1119 4077 1203 4141 Jews,
1220 4076 1272 4132 the

166 4161 322 4233 obligetiou
333 4163 367 4218 oi
374 4163 424 4220 the
438 4165 536 4220 Ritual
547 4164 614 4218 haw
625 4180 680 4218 urus
690 4161 825 4219 removed
839 4180 877 4218 en
891 4162 942 4218 the
955 4160 1164 4233 promulgation
1176 4161 1210 4216 oi
1221 4161 1272 4215 the

167 4247 283 4320 Gospel,
295 4263 325 4302 as
336 4265 391 4303 vas
402 4250 531 4305 rerealed
543 4255 574 4305 to
587 4250 621 4305 st
627 4250 722 4314 Peter,
731 4249 799 4305 Acts
810 4266 837 4303 x.
853 4254 896 4304 1⁶.
924 4248 986 4304 'l'he
997 4252 1055 4304 rest
1067 4246 1158 4302 citha
1166 4244 1272 4302 Jewish

165 4333 234 4388 Law
246 4348 302 4388 was
314 4331 457 4390 abolished
470 4335 510 4408 by
521 4335 570 4392 the
582 4335 738 4407 dispersion
750 4334 784 4390 oi
794 4333 845 4390 the
859 4333 963 4391 Jeuish
976 4334 1084 4389 natiou.

223 4425 241 4475 8
262 4417 402 4474 Whatue
423 4421 549 4477 Gentiles
563 4421 636 4476 hare
657 4421 760 4492 gained
773 4421 813 4492 by
825 4418 874 4476 the
888 4420 999 4489 coming
1014 4417 1049 4472 oi
1060 4412 1154 4470 Christ
1170 4411 1204 4476 ἰδ’
1220 4419 1274 4471 not

164 4505 228 4567 that
236 4523 279 4564 ue
290 4520 339 4562 are
353 4503 432 4560 freed
443 4505 519 4562 hom
533 4507 582 4582 the
596 4507 650 4562 iser
664 4506 697 4563 oi
705 4507 814 4564 Moses:
830 4505 883 4560 but
893 4504 965 4569 that,
979 4501 1121 4557 uhererer
1134 4496 1272 4574 formerly
