3234 5125
468 364 655 421 EPISTOLA
678 362 730 418 AD
753 362 971 419 LECTOREM.
1228 354 1301 436 xxix

146 530 316 599 introducti
333 530 428 596 moris
445 530 692 618 sepeliendorum
710 550 885 617 corporum,
907 528 976 595 Lib.
994 530 1037 596 II.
1058 550 1125 616 cap.
1143 551 1216 595 xix.
1238 538 1252 617 ξ
1269 534 1300 595 2.

147 653 231 697 nnm.
248 634 280 695 3.
303 630 404 695 locum
421 630 524 696 adfert
540 632 658 707 Puruu,
685 630 738 715 qui
755 638 861 695 tamen
878 628 923 693 nil
939 629 1044 705 habet,
1067 628 1152 715 quod
1175 630 1215 696 ad
1233 652 1302 695 rem

147 730 250 797 faeiat.
304 730 424 795 Eodem
451 728 571 815 Capite,
602 732 665 815 §3.
689 751 773 794 num.
799 731 831 805 2,
860 727 1053 815 sepulturam
1079 728 1188 794 deberi
1218 752 1302 794 mor-

147 828 218 907 tuis,
235 828 319 894 inter
340 827 411 909 alia,
435 830 586 914 probatur
603 850 641 892 ex
655 828 834 913 juramento
853 830 1039 893 Graeeorum
1056 828 1206 893 adversus
1223 832 1302 894 Per·

147 951 203 994 aas
216 926 424 1003 militantium,
442 927 496 992 ubi
512 936 616 991 tamen
631 926 671 992 de
687 926 776 991 sociis
791 926 864 991 solis
879 926 996 1013 agitur,
1021 934 1058 991 ut
1073 935 1162 1012 patet
1178 948 1219 991 ex
1234 926 1301 993 loco

147 1029 298 1092 Dronoar
316 1026 438 1102 Srounr,
464 1047 556 1113 quem
579 1026 698 1091 Auctor
721 1033 829 1091 noster
852 1025 885 1089 in
910 1024 1012 1090 animo
1038 1025 1157 1102 habuit,
1184 1036 1217 1093 et
1241 1049 1301 1114 ego

148 1125 248 1191 adtuli
282 1125 316 1189 in
336 1133 412 1191 nota
440 1126 470 1189 8.
532 1124 627 1190 Unde
652 1124 746 1189 etiam
772 1124 946 1209 exemplum
972 1132 1081 1209 petere
1106 1133 1195 1210 potes
1218 1148 1302 1191 curas

148 1245 211 1290 non
233 1222 420 1311 poenitendae
442 1222 475 1287 in
500 1230 567 1289 toto
588 1222 649 1289 isto
672 1224 778 1309 Opere
798 1222 914 1310 passim
941 1222 1100 1299 adhibitas,
1126 1232 1163 1290 ut
1186 1224 1302 1290 scilicet

149 1322 248 1389 multa
272 1344 312 1387 ex
337 1320 485 1388 Historiis
501 1331 534 1387 et
551 1321 757 1408 Antiquitate,
783 1321 850 1387 sine
872 1330 962 1398 teste,
985 1322 1052 1386 sine
1065 1330 1203 1399 auctore,
1229 1345 1302 1410 pro-

148 1423 224 1497 lata,
247 1420 372 1487 ubinam
388 1422 611 1507 reperirentur,
633 1420 813 1498 iudicaram,
837 1420 1088 1507 quotiescumque
1103 1444 1156 1487 res
1172 1422 1302 1509 alicujus
1331 1495 1335 1499 Α

149 1530 220 1586 erat
241 1520 397 1595 momenti,
430 1542 488 1603 nec
510 1521 650 1585 omnibus
675 1520 775 1585 obvia
828 1519 1007 1605 Aliquando
1032 1520 1115 1586 iacta
1144 1521 1196 1588 vel
1217 1522 1303 1587 dicta

150 1620 353 1696 diversorum,
384 1627 439 1686 aut
468 1619 599 1696 diversa,
629 1620 771 1684 interae
800 1619 1040 1685 confunduntur.
1093 1620 1145 1686 Sic
1170 1621 1239 1687 Lib.
1256 1622 1299 1687 ll.

150 1740 218 1805 cap.
234 1740 319 1785 xxu.
337 1726 351 1803 ξ
370 1721 400 1783 1.
418 1740 501 1785 num.
518 1720 548 1783 2.
567 1740 608 1783 ex
625 1718 724 1784 erro
742 1716 864 1795 dicitur,
882 1720 1086 1796 Antiochum,
1104 1719 1181 1785 falso
1198 1720 1301 1805 aliquo

150 1826 318 1905 praetextu,
343 1818 376 1881 in
399 1820 562 1883 Romanos
586 1818 669 1883 bella
693 1817 881 1903 suscepisse;
908 1816 961 1881 ubi
986 1826 1090 1883 tamen
1115 1818 1156 1883 de
1178 1822 1302 1884 Boeotis

12 1946 13 1953 ι
150 1917 265 2005 agitur,
291 1938 353 1982 non
367 1916 407 1981 de
424 1916 476 1981 illo
493 1918 591 2004 Rege.
643 1918 800 1981 Brueidoe
822 1914 1058 1980 Lacedaemonio
1082 1916 1230 1982 tribuitur
1252 1940 1302 1982 ea-

11 2018 12 2031 ’
150 2015 277 2092 villatio‚
294 2035 365 2100 qua
382 2015 537 2080 Praecouis
554 2024 610 2091 est,
633 2015 674 2080 ab
691 2016 942 2079 Atheniensium
957 2013 1050 2089 missi,
1077 2014 1145 2081 Lib.
1163 2015 1209 2081 II.
1232 2036 1302 2103 cap.

152 2136 219 2181 xvr.
244 2123 258 2200 ξ
275 2117 305 2180 6.
358 2114 422 2180 Ubi
438 2115 479 2180 de
496 2114 576 2179 bello
604 2114 637 2181 0.
653 2116 721 2179 Jat.
745 2114 896 2188 Coeaaris,
917 2135 985 2177 eum
1007 2114 1184 2181 Germanic
1199 2137 1301 2180 sermo

149 2214 194 2289 fit,
216 2214 285 2280 Lib.
303 2213 331 2277 I.
356 2234 424 2299 cap.
441 2234 489 2277 ιιι.
514 2216 575 2298 55.
600 2235 683 2279 num.
700 2215 733 2278 4.
757 2211 957 2277 confunditur
982 2213 1123 2299 proelium
1149 2214 1302 2280 adversus

156 2315 302 2398 Usipetes
326 2321 359 2377 et
389 2314 580 2379 Teocbteroc
605 2311 808 2387 commissum,
834 2320 1001 2397 autequam
1031 2315 1142 2379 Coesor
1167 2314 1301 2401 primum

149 2421 244 2497 ponte
261 2413 409 2477 Rhenum
426 2410 591 2497 trajiceret,
610 2432 679 2476 cum
696 2410 915 2487 victoria,1'ere
932 2410 1055 2477 biennio
1070 2421 1150 2498 post,
1164 2414 1204 2478 de
1223 2417 1301 2479 Tre-

149 2512 234 2577 viris
254 2511 295 2576 ab
317 2509 384 2596 ipso
407 2510 526 2576 relata:
549 2508 700 2597 simulque
722 2531 842 2586 mussa,
865 2517 995 2597 propter
1019 2532 1112 2598 quum
1142 2515 1302 2580 Coeaorcm

11 2665 12 2676 .
150 2609 222 2675 dedi
243 2611 420 2676 Germanis
436 2618 598 2675 censuerat
620 2612 710 2685 Cato,
733 2609 933 2697 pervertitur.
985 2610 1224 2697 Nonnumquam
1239 2634 1302 2677 una

150 2709 320 2795 eademque
337 2730 388 2775 ras
405 2708 461 2785 bis,
478 2718 637 2794 tamquam
653 2707 786 2785 diversa,
804 2715 961 2785 narratur,
984 2719 1020 2775 ut
1037 2709 1187 2795 judicium
1203 2714 1302 2778 Arri·

150 2810 210 2872 uui
234 2808 275 2873 de
298 2807 435 2874 vindicta
458 2809 646 2874 Alexandri
669 2807 703 2872 in
726 2811 860 2882 Persas,
889 2807 957 2873 Lib.
976 2808 1018 2872 Il.
1045 2830 1112 2894 cap.
1131 2831 1202 2876 xxr.
1229 2818 1243 2895 ξ
1269 2814 1300 2878 8.

150 2928 236 2975 num.
256 2908 287 2982 2,
314 2906 368 2972 ubi
393 2905 465 2973 ride
490 2915 596 2972 notum
614 2909 644 2972 9.
697 2905 798 2970 Immo
824 2914 873 2971 est
887 2904 941 2970 ubi
958 2906 1077 2970 Auctor
1102 2917 1208 2971 noster
1230 2930 1302 2973 con-

150 3005 281 3070 trarium
299 3005 390 3092 plane
406 3005 524 3071 adserit
540 3004 618 3090 ejus,
640 3004 724 3090 quod
741 3003 854 3068 dieitur
869 3003 902 3067 iu
918 3002 995 3079 loco,
1020 3003 1102 3069 unde
1125 3005 1228 3090 palam
1251 3006 1302 3072 rel

151 3103 246 3169 tacite
260 3104 364 3169 hausit
379 3103 422 3180 id,
438 3104 521 3190 quod
534 3102 652 3169 statuit.
703 3101 851 3188 Exempli
865 3101 979 3190 gratia,
1005 3102 1075 3169 Lib.
1091 3105 1135 3170 II.
1159 3126 1227 3191 cap.
1243 3127 1300 3171 vu.

152 3209 168 3287 ς
182 3205 214 3266 4.
231 3223 314 3266 num.
324 3205 355 3266 3.
372 3203 448 3279 vult,
468 3204 614 3268 Soterem
629 3200 750 3290 legibus
766 3201 830 3267 suis
846 3201 973 3278 cavisse,
990 3224 1031 3268 ne
1047 3203 1199 3270 Parentes
1215 3213 1303 3271 tene·

151 3309 262 3366 rentur
278 3300 399 3367 Liberis
421 3300 615 3367 naturalibus
631 3301 749 3388 aliquid
770 3300 964 3387 relinquere;
992 3323 1086 3387 quum
1109 3311 1215 3366 tamen
1239 3303 1303 3368 Le·

151 3399 282 3487 gislatm
303 3399 355 3466 ille
378 3399 455 3466 tales
479 3399 608 3466 Liberos
630 3408 739 3465 contra
763 3399 891 3465 solverit
915 3399 1099 3464 necessitate
1120 3399 1302 3467 alendorum

153 3501 332 3576 Parentum,
354 3506 391 3565 ut
410 3507 499 3586 putot
515 3521 555 3564 ex
571 3500 788 3574 Pnursaouo,
812 3496 899 3582 cujus
915 3496 1015 3561 locum
1031 3497 1148 3563 adduxi
1171 3499 1204 3563 in
1228 3509 1303 3566 nota

152 3600 194 3663 5:
221 3619 294 3663 nam
318 3607 352 3664 et
375 3597 492 3684 aliquid
512 3599 553 3663 de
577 3597 775 3663 facultatibus
800 3595 941 3682 paternis
960 3597 1074 3662 Nothis
1095 3597 1229 3683 relinqui
1249 3600 1302 3664 de-

152 3696 263 3774 buisse,
287 3705 408 3763 constat
428 3720 470 3762 ex
492 3696 530 3762 iis
552 3717 623 3782 quae
646 3697 742 3761 habet
765 3697 918 3761 Josuuns
939 3697 1123 3774 linoasrus,
1154 3700 1301 3766 Themid.

152 3798 251 3862 Attio.
278 3795 346 3860 Lib.
363 3795 409 3861 II.
434 3817 500 3881 cap.
518 3816 576 3860 xrr.
629 3795 718 3859 Talia
734 3790 967 3887 παρορᾶματα,
993 3806 1049 3861 aut
1071 3792 1300 3889 ἁμαρτήματα

151 3891 341 3975 μνημονικά,
357 3894 524 3980 aliquando
542 3893 634 3981 plura
648 3893 732 3958 iutra
747 3915 862 3980 paucas
878 3893 975 3959 lineas
991 3907 1165 3972 occurrunt,
1182 3906 1219 3963 ut
1232 3897 1302 3962 Lib.

153 3993 180 4056 1.
206 4014 273 4080 cap.
289 4015 338 4061 ιιι.
367 3986 384 4086 d
402 3996 432 4058 8.
457 4014 541 4058 num.
560 3990 591 4075 7,
618 4001 693 4057 nota
711 3986 769 4078 (x).
821 3993 865 4059 Et
880 3993 941 4058 illis
957 4001 1078 4059 scatent
1100 4016 1188 4081 capp.
1207 4017 1302 4062 xrrrr.

152 4102 185 4156 et
207 4113 278 4156 xrx.
306 4092 373 4159 Lib.
391 4093 433 4158 Il.
462 4090 720 4177 quemadmodum
743 4111 784 4156 ex
805 4091 1020 4177 speciminibus
1039 4091 1084 4158 ibi
1110 4094 1223 4160 adlatis
1248 4096 1304 4160 ad-

151 4200 252 4275 paret,
270 4201 303 4256 et
318 4192 350 4255 N
351 4199 412 4256 ota
427 4199 544 4256 nostras
561 4189 689 4255 Gallicas
707 4189 858 4276 copiosius
874 4189 1048 4256 ostendent.

227 4287 267 4353 In
287 4288 325 4354 iis
340 4287 482 4354 omnibus
497 4288 613 4374 aliquid
630 4288 757 4353 humani
777 4309 901 4374 passum
918 4311 986 4356 esse
1002 4290 1112 4357 Virum
1132 4292 1303 4367 Summum,
1321 4375 1324 4380 Ι

152 4387 179 4454 si
203 4387 274 4474 quis
298 4387 440 4465 miretur,
464 4409 523 4477 ego
548 4386 679 4453 ιίοἱιιὶιιι
702 4387 849 4465 mirabor,
874 4388 958 4474 quod
980 4388 1064 4455 siin
1084 4397 1219 4454 mentem
1241 4410 1305 4462 nou
