3234 5125
144 377 308 448 cm.v11.]
426 380 518 446 QUAE
540 379 604 435 PIT
626 379 701 435 PER
723 377 866 443 LEGEM,
887 377 970 432 ETO.
1181 366 1244 430 383

141 542 263 633 legibus
289 548 344 609 aut
370 541 507 609 moribus
533 541 674 608 obtinent
699 541 739 607 de
766 540 1017 617 exheredatione,
1042 538 1094 604 hic
1121 559 1245 626 quoque

142 642 303 709 habebunt
326 641 445 708 locum:
468 649 501 708 et
525 641 553 707 si
576 641 670 707 nullae
683 639 897 728 proferantur
927 639 1014 728 leges
1042 647 1099 705 aut
1131 659 1243 717 mores,

143 749 249 808 amen
265 741 451 808 naturaliter
467 740 570 806 'licita
586 739 648 806 erit
663 738 865 806 exheredatio
890 760 990 826 usque
1013 738 1055 804 ad
1076 737 1243 816 alimenta3

143 841 310 908 autetiam
333 839 400 907 sine
425 861 463 908 ea
486 838 719 928 exceptionc‚si
743 838 860 904 crimen
884 846 986 904 morte
1010 837 1139 927 dignum
1163 835 1245 903 filius

142 939 312 1017 admiserit,
329 947 385 1006 aut
407 939 523 1026 alioqui
544 939 685 1028 graviter
709 937 892 1027 peccaverit,
910 946 944 1003 et
959 936 1000 1003 sit
1017 937 1100 1003 unde
1115 936 1157 1002 ali
1173 957 1244 1024 pos-

142 1039 193 1106 sit
242 1039 293 1106 Sic
309 1039 423 1104 Ruben
439 1061 459 1105 a
474 1040 593 1106 Jacobo
610 1037 650 1104 ob
670 1038 792 1125 culpam
809 1037 951 1125 privatas
967 1046 1016 1103 est
1031 1037 1105 1123 juro
1122 1035 1242 1123 *primi

142 1138 221 1216 nati,
239 1135 362 1206 Adonin
376 1159 476 1228 regno
492 1134 527 1205 ‘a
552 1136 683 1204 Davide.
734 1138 802 1201 Imo
819 1135 913 1202 etiam
928 1157 988 1223 pro
1003 1135 1098 1202 tacite
1113 1135 1245 1201 exhere-

143 1238 218 1304 dato
243 1237 419 1316 habebitur,
438 1237 491 1324 qui
516 1258 614 1327 grave
638 1234 755 1302 crimen
779 1235 965 1302 commiserit
990 1233 1025 1300 in
1047 1233 1379 1381 patrem‚⁵si17npp

142 1337 231 1404 nulla
246 1345 318 1404 suut
334 1338 517 1405 condonatoe
535 1337 633 1423 culpas
648 1334 771 1402 indicia.
819 1335 882 1402 Sed
896 1334 929 1400 in
945 1355 1007 1400 non
1019 1333 1241 1412 alienabilibus,
1255 1344 1334 1384 “¹²¹0
1366 1326 1371 1336 ’

143 1415 322 1524 quanbuam
338 1437 545 1513 hereditariis,
563 1435 646 1502 idem
664 1455 728 1500 non
748 1433 905 1521 procedet,
923 1434 997 1520 quia
1011 1434 1144 1522 populus
1160 1433 1242 1500 viam
1255 1388 1408 1520 {3253st

143 1535 269 1622 quidem
294 1535 389 1624 elegit
412 1535 645 1612 hereditariam,
672 1533 747 1598 uscd
771 1532 993 1598 hereditariam
1018 1533 1059 1598 ab
1083 1532 1242 1600 intestato.
1254 1527 1352 1612 fimi
1361 1525 1406 1564 Μ’

144 1634 246 1700 Multo
260 1633 368 1700 minus
390 1634 539 1723 procedet
559 1630 761 1699 exheredatio
783 1631 817 1696 iu
837 1631 942 1696 lineali
966 1631 1165 1708 successione,
1189 1631 1244 1696 ubi

143 1733 229 1800 nulla
243 1732 414 1800 imitatione
435 1731 619 1800 hereditatis
643 1753 683 1797 ex
707 1731 789 1798 dono
814 1729 921 1819 populi
945 1751 1078 1820 regnum
1101 1729 1246 1818 pervenit

143 1833 186 1900 ad
201 1832 348 1922 singulos,
364 1833 547 1921 praescripto
562 1829 681 1897 ordine.

219 1933 366 2002 xxvi.
392 1931 506 1999 Similis
528 1938 577 1998 est
599 1929 739 2017 quaestio,
757 1951 798 1996 an
823 1926 963 1996 abdicari
988 1927 1086 2016 possit
1101 1949 1244 2018 regnum,

143 2078 183 2124 uti
201 2077 350 2125 substantivo
369 2081 448 2137 amus,
468 2077 577 2126 obsoleto
603 2079 672 2124 extre
718 2081 744 2124 et
760 2076 853 2123 nullam
870 2077 922 2124 iere
940 2076 1030 2122 ordinis
1045 2073 1158 2122 nascendi
1172 2074 1248 2121 ratio-

144 2165 225 2198 essum
236 2155 339 2198 sextum.
367 2152 440 2200 J.B.
719 2165 775 2200 nem
792 2153 910 2209 habuisse,
925 2165 957 2198 ex
975 2155 1028 2198 tota
1048 2149 1156 2198 Historia
1175 2151 1248 2197 Saos-s

188 2225 350 2284 tanceas]
361 2227 421 2273 Erat
428 2228 491 2274 enim
501 2240 603 2288 regnum
611 2227 671 2274 illud
719 2227 828 2288 adparet.
859 2224 941 2286 J.B.]

144 2301 389 2362 relutpetrimoniale
402 2301 497 2359 Davidi,
511 2316 558 2348 nou
574 2303 671 2362 quidem
765 2301 885 2348 ‘Durum
902 2302 949 2347 hoo
965 2303 1003 2347 est
1019 2299 1103 2345 nimis:
1119 2303 1145 2346 et
1161 2299 1247 2345 merito

143 2376 201 2423 belli
208 2376 270 2436 jure,
278 2376 319 2422 sed
331 2376 376 2423 Dei
386 2376 462 2436 ipsius
474 2377 547 2423 dono.
565 2376 612 2436 [At
621 2391 670 2422 non
719 2377 751 2423 ab
761 2375 938 2436 Interpretibus
948 2377 1041 2422 Auctor
1050 2378 1132 2420 noster
1141 2374 1194 2420 heio
1208 2387 1247 2420 re·

144 2451 175 2498 ob
185 2451 279 2512 culpam
295 2451 404 2498 exclusus
419 2457 457 2498 est
471 2465 547 2512 regno
563 2451 667 2499 Adonis.
720 2452 886 2512 prehenditur.
917 2449 947 2496 In
959 2450 1032 2496 dubio
1045 2449 1127 2509 potius
1138 2447 1248 2496 adfertur

144 2528 283 2587 Antequam
293 2525 355 2573 enlm
370 2525 463 2587 regiam
473 2525 617 2587 dignitatem
626 2527 670 2574 ad-
719 2529 836 2587 paternus
845 2525 963 2573 mitiorem
979 2528 1074 2586 partem
1089 2524 1156 2585 sequi
1168 2523 1246 2585 jubet.

144 2604 265 2659 lactasset,
288 2601 340 2660 jam
364 2600 444 2647 David
467 2600 589 2661 pollicitus
618 2606 670 2649 eret
719 2600 814 2662 Legum
830 2614 860 2648 ex
876 2600 938 2648 lure
955 2598 1027 2648 cirili
1042 2600 1067 2646 in
1085 2598 1196 2645 orahbrl
1210 2600 1248 2645 ln.

145 2677 280 2733 Bathsebae,
299 2676 370 2721 matri
391 2674 535 2732 Solomonis,
554 2690 580 2722 se
607 2676 671 2722 huuc
721 2676 851 2723 dicatarum
867 2677 958 2736 rpentes
972 2676 1044 2736 plane
1063 2674 1161 2721 diverses
1183 2678 1248 2732 sunt,

145 2764 303 2800 mocenorem
313 2764 381 2797 suum
393 2750 576 2807 declaraturum,
587 2750 670 2797 fidem·
719 2751 790 2797 utin
807 2750 880 2797 Notis
900 2750 999 2797 Gallicis
1018 2750 1072 2795 fuse
1091 2749 1248 2798 ostendimus.

145 2827 282 2888 quedutsm
289 2824 444 2886 Jurejnrando
458 2824 571 2880 firmarat,
582 2826 595 2869 1
606 2825 670 2884 Reg.
720 2825 785 2872 ΜΞ.

144 2902 162 2949 i.
173 2904 210 2949 17.
225 2900 364 2960 qnodDeus
376 2900 447 2945 edem
458 2899 503 2944 sibi
513 2899 608 2958 placere
623 2899 671 2957 eig-
767 2906 778 2931 fl
803 2896 853 2944 aaa
873 2897 1044 2945 &abaciam
1067 2897 1099 2943 ab
1123 2896 1245 2957 tammo}

145 2976 289 3031 nllioererst,
309 2977 324 3019 2
344 2972 448 3032 Paralip.
466 2972 527 3019 xxii.
542 2973 565 3029 9,
580 2974 619 3028 10,
634 2973 671 3019 11.
721 2971 948 3018 Nontestamento:
964 2970 1159 3030 nonedoptione.
1183 2970 1248 3017 Vide

144 3051 240 3099 Deinde
259 3050 340 3108 Reges
359 3047 516 3095 Hebraeorum
541 3046 566 3092 iu
591 3046 671 3107 desig·
722 3044 752 3091 de
768 3044 930 3105 Neapolitano
949 3057 1026 3105 regno
1041 3043 1248 3091 Marisnemhbro

146 3125 227 3173 nando
242 3124 383 3171 Successore
398 3136 442 3169 suo
457 3121 577 3169 liberrime
588 3122 675 3181 egisse,
722 3132 770 3166 xx.

146 3338 212 3395 laws
227 3354 260 3393 or
274 3342 403 3402 cuatonis,
416 3338 455 3410 by
468 3335 588 3393 Natural
607 3335 674 3390 Law
689 3332 889 3391 exheredation
903 3332 926 3389 is
941 3330 1045 3396 lawful,
1059 3334 1158 3402 except
1173 3346 1203 3385 as
1217 3334 1248 3387 to

147 3425 280 3490 aliment3
295 3423 351 3479 and
366 3440 438 3479 even
452 3422 571 3479 without
585 3420 649 3477 that
662 3421 818 3493 exception,
835 3420 861 3474 if
869 3418 919 3475 the
933 3435 985 3475 son
998 3417 1070 3472 have
1084 3416 1249 3471 committed

147 3528 166 3565 a
180 3510 267 3567 crime
278 3507 386 3582 worthy
399 3507 536 3573 ofderath,
548 3524 581 3564 or
591 3506 739 3563 otherwise
750 3506 859 3577 greatly
870 3504 1010 3561 offended.
1040 3502 1117 3557 Thus
1129 3502 1249 3557 Reubeu

147 3613 203 3651 was
221 3595 355 3668 deprived
374 3595 408 3649 of
421 3594 464 3649 his
478 3594 554 3665 right
568 3610 599 3649 as
614 3592 760 3648 first-born
775 3591 814 3663 by
827 3591 916 3647 Jacob
932 3591 979 3645 for
998 3588 1042 3644 his
1057 3589 1171 3654 offense,
1192 3588 1250 3642 and

146 3680 296 3753 Adonijah,
311 3681 344 3736 of
356 3679 405 3736 the
419 3679 562 3751 kingdom,
575 3678 614 3751 by
628 3678 728 3733 David.
767 3677 834 3732 And
846 3677 884 3732 he
897 3677 921 3732 is
935 3675 1002 3731 held
1016 3675 1062 3729 lor
1075 3674 1175 3745 tacitly
1192 3673 1248 3729 dis-

146 3768 287 3824 iuhcrited
300 3766 363 3822 who
374 3766 426 3821 has
438 3765 603 3821 committed
614 3780 632 3819 a
642 3780 727 3836 grave
739 3764 826 3819 crime
838 3764 947 3835 against
959 3761 1005 3817 his
1015 3760 1119 3825 father,
1132 3760 1160 3815 if
1167 3758 1249 3816 there

147 3871 196 3910 era
204 3871 242 3909 no
256 3854 357 3909 tokens
372 3852 405 3908 of
413 3852 592 3908 condonarias
603 3867 636 3906 or
646 3850 787 3922 pardon*.

204 3940 262 3994 But
273 3940 303 3993 in
314 3937 482 3994 inalienable
493 3938 649 4009 kingdome,
664 3934 771 4007 though
782 3934 953 4009 hereditary,
964 3934 1014 3990 the
1028 3948 1105 3990 same
1119 3932 1188 3988 does
1198 3937 1251 3987 not

147 4022 231 4079 hold:
254 4024 374 4080 because
391 4024 441 4079 the
458 4023 559 4096 people
574 4022 659 4079 chose
672 4020 776 4078 indeed
794 4020 844 4077 the
860 4020 1022 4094 hereditary
1035 4037 1112 4093 way;
1133 4018 1187 4075 but
1199 4017 1251 4074 the

149 4107 311 4179 hereditary
324 4125 385 4179 way
396 4108 464 4164 with
475 4108 524 4164 the
535 4109 617 4165 usual
631 4109 789 4164 succession
803 4114 834 4163 to
848 4109 1002 4164 intestatos.

207 4192 273 4248 Still
290 4194 344 4247 less
358 4192 413 4247 will
428 4194 626 4249 exheredation
640 4194 708 4249 hold
722 4192 797 4266 good
812 4195 842 4247 in
859 4193 974 4248 alineal
988 4191 1155 4255 sucoession,
1168 4188 1251 4244 when

148 4280 198 4336 the
211 4278 346 4351 kingdom
361 4293 453 4334 comes
467 4285 498 4334 to
513 4278 583 4335 each
597 4296 699 4351 person
713 4278 815 4351 hythe
829 4278 884 4350 gift
898 4280 932 4333 of
945 4277 995 4332 the
1008 4276 1119 4348 propio,
1132 4274 1252 4329 without

149 4366 361 4436 attemptingto
377 4364 487 4419 imitate
500 4364 724 4438 thehereditary
735 4364 805 4420 rulo.
1326 4380 1329 4384 ’

204 4450 315 4505 XXVI.
352 4448 499 4505 similaris
511 4448 560 4505 the
573 4452 702 4522 question
713 4450 841 4505 whether
853 4447 903 4504 the
912 4446 1056 4518 kingdom,
1068 4462 1102 4502 or
1115 4444 1165 4501 the
1175 4443 1252 4517 right

399 4557 414 4591 *
430 4558 489 4604 This
499 4559 519 4605 is
529 4558 674 4621 rejectede
684 4558 820 4619 Barbeyrac
830 4571 857 4603 as
866 4562 908 4603 too
918 4567 1006 4602 serore.
