3234 5125
165 357 232 443 Car.
246 354 313 422 lii]
409 355 480 409 UBI
500 355 552 410 DE
574 352 673 410 MARI
694 355 744 411 ET
765 357 1015 413 FLUMINIBUS.
1203 349 1265 413 269

162 518 360 586 Phaselidem
380 527 451 606 post
472 519 615 606 praelium
637 519 679 586 ad
704 517 913 586 Salaminems
936 521 969 585 in
992 519 1154 586 annalibus
1173 519 1263 586 indu-

163 617 219 682 ciis
241 617 316 683 belli
337 617 598 705 Peloponnesiaci,
623 639 665 683 ne
690 617 916 684 Lacedaemonii
944 618 1132 706 navigarent
1162 619 1262 707 longis
1276 641 1408 691 maesse.

163 716 304 794 navibus,
330 717 386 783 sed
405 716 475 782 aliis
496 714 637 806 navigiis,
661 737 733 803 qua
747 716 867 782 ferrent
883 715 1030 802 ponderis
1050 739 1113 781 non
1129 716 1263 804 amplius
1277 689 1318 728 '¹⁸'

163 815 340 904 quingentis
365 815 511 881 talentis:
536 823 570 881 et
585 814 686 901 primo
701 815 829 891 ioedere,
855 815 940 901 quod
960 815 1066 882 statim
1082 816 1124 881 ab
1147 815 1263 882 exactis

163 913 291 1002 regibus
301 913 454 979 ⁰Romani
470 935 539 979 cum
556 912 867 1002 Carthaginiensibus
880 914 1029 990 fecerant,
1042 914 1260 992 convenerant,
1274 947 1348 997 pap,
1358 947 1387 987 aa
1396 950 1428 987 ῃ,

164 1034 205 1076 ne
219 1011 354 1078 Romani
368 1014 619 1078 Romanorumve
634 1011 708 1077 socii
723 1012 807 1078 ultra
823 1011 993 1077 Pulchrum
1014 1013 1261 1098 promontorium

164 1110 358 1199 navigarent,
384 1118 476 1176 extra
499 1131 593 1196 quam
617 1110 643 1175 si
664 1109 859 1197 tempestatis
885 1118 942 1176 aut
963 1111 1098 1176 hostium
1120 1110 1152 1176 vi
1178 1133 1263 1176 com-

164 1208 246 1295 pulsi
271 1217 394 1276 essem:
427 1209 481 1295 qui
506 1209 539 1273 vi
571 1208 720 1295 compnhi
751 1208 958 1291 advenissent,
991 1209 1068 1274 nihil
1101 1220 1261 1277 sumerent

164 1315 281 1394 prester
306 1308 490 1385 necessaria,
516 1315 550 1374 et
573 1308 658 1374 intra
683 1306 766 1372 diem
792 1307 935 1393 quintum
958 1308 1171 1376 abscederent
1217 1311 1262 1374 Et

165 1406 218 1470 ¹’in
242 1406 377 1472 secundo
400 1406 530 1486 foedere,
555 1427 596 1470 ne
621 1405 756 1470 Romani
778 1407 863 1471 ultre
889 1404 1059 1472 Pulchrum
1084 1415 1262 1494 promonto-

165 1503 255 1580 rium,
272 1503 419 1569 Mastiam
436 1513 469 1569 et
478 1503 640 1568 Tarseium
656 1503 780 1590 praedas
796 1511 930 1590 agerent
945 1514 1155 1572 mercatumve
1169 1505 1261 1572 irent.

166 1602 206 1666 Iu
229 1623 306 1688 pace
322 1622 392 1665 cum
415 1601 542 1689 illyriis,
567 1622 608 1667 ue
623 1600 726 1689 illyrii
746 1600 830 1666 ultre
847 1601 967 1666 Lissum
990 1602 1148 1690 ⁸pluribus
1168 1625 1263 1690 quam
1276 1618 1401 1708 *lain*

165 1699 286 1767 duobus
301 1699 410 1766 lembis
425 1699 525 1784 iisque
540 1698 710 1765 inermibus
723 1699 919 1788 nauigarent.
960 1701 997 1764 Iu
1017 1721 1093 1787 pace
1110 1723 1180 1767 cum
1195 1703 1264 1767 An*-
1277 1675 1297 1713 l

164 1863 268 1920 quatuor
282 1860 335 1906 erat
347 1858 486 1917 audiena,
500 1861 529 1904 ut
541 1858 594 1919 ipss
608 1855 689 1905 statim
741 1854 806 1904 niam
820 1858 971 1918 appellerent
984 1858 1030 1905 uisi
1044 1863 1191 1906 commeatus
1206 1860 1270 1907 accl-

165 1935 271 1994 sxponit.
302 1934 360 1980 Hac
375 1934 424 1980 duo
442 1938 523 1980 tamen
542 1933 650 1979 confudit
664 1932 690 1980 J.
741 1933 823 1994 piendi
833 1938 876 1980 aut
887 1947 958 1979 naves
967 1934 1088 1980 reficiendi
1101 1947 1180 1981 causa.
1209 1935 1269 1982 Post

166 2010 270 2056 Cssrau
279 2011 469 2058 Bursaonum.
482 2010 508 2055 iu
522 2010 585 2055 libro
597 2014 691 2054 cetero·
741 2007 832 2053 bellum
846 2007 964 2053 Punicum
977 2007 1076 2054 tertium
1085 2009 1216 2069 castigatus
1226 2009 1271 2056 Se-

165 2084 224 2144 quiu
233 2085 358 2130 utilissimo
368 2084 409 2131 De
420 2084 571 2131 Ponderibus
584 2088 607 2128 et
620 2082 692 2128 Mea·
741 2085 814 2127 ustus
825 2081 1270 2142 Cuthaginsmmquodcoutratoedua

164 2160 229 2206 suris
244 2160 349 2205 Veterum
361 2158 405 2207 dc.
415 2173 441 2218 p.
452 2161 504 2206 11³.
534 2159 562 2206 J.
571 2156 617 2217 B.]
743 2155 873 2201 uerutum
881 2156 1021 2202 etuaraiem
1028 2157 1152 2202 materiam
1163 2157 1269 2204 haberet.

209 2243 222 2269 ο
244 2235 350 2282 pamm·
368 2247 420 2281 m,
445 2231 690 2296 ommium]
742 2227 986 2289 TestisLiviusEpit.
994 2230 1048 2276 Lib.
1058 2242 1151 2278 xnvru.
1160 2237 1186 2278 st
1195 2244 1269 2281 mx.

166 2309 566 2358 Serriusadilludnv.AEseidcsr
743 2302 826 2349 Simile
836 2309 873 2350 est
883 2305 948 2363 quod
958 2304 1072 2352 Sultsuus
1081 2306 1269 2366 AEgpptt,paooo

258 2391 559 2432 mmmmm
741 2375 1271 2435 cumGracisincto,impetrsrlt,utsiaemel

168 2463 234 2524 9234
249 2464 275 2509 a„
284 2463 378 2523 swam
392 2467 487 2510 mm
494 2461 556 2522 Μ,
567 2467 601 2507 ,με
619 2475 692 2522 „w
741 2464 806 2497 anuo
817 2451 877 2497 duas
885 2465 958 2499 naves
967 2457 1033 2500 trans
1047 2453 1199 2514 Bosphorum
1210 2456 1267 2501 ruit-

165 2536 270 2585 ηοω·
296 2535 331 2583 aa
354 2535 438 2583 tium
469 2534 691 2596 caretafimiufl
741 2525 891 2574 temlioeret.
906 2527 952 2573 Est
961 2527 986 2574 id
995 2528 1060 2588 apud
1067 2528 1200 2590 Gregorsm
1208 2529 1270 2577 libro

165 2611 307 2667 mm,
335 2624 408 2671 mu
438 2609 635 2670 aarum„
658 2608 694 2655 aa
742 2615 775 2650 rr.
803 2601 920 2659 Antiochi
934 2602 992 2649 olim
1007 2617 1055 2663 pax
1070 2608 1096 2652 et
1106 2606 1151 2652 hoc
1162 2608 1271 2653 contiue-

166 2688 250 2734 msm
261 2685 429 2732 Roman,
459 2685 541 2731 samm
550 2685 630 2731 mm
639 2684 692 2730 Ro.
741 2676 792 2733 bat,
802 2676 976 2723 neisermstas
986 2690 1061 2725 naves
1074 2679 1174 2726 haberet
1188 2682 1271 2740 plures

166 2774 291 2809 manorum
312 2774 368 2806 cum
385 2759 536 2805 Tarentinis:
561 2757 595 2817 usi
613 2756 694 2804 πλεῖν
742 2764 793 2799 ²11·
818 2751 944 2811 Appium!
955 2752 1202 2813 Mamm-112.
1219 2754 1270 2803 Ed.

165 2837 302 2896 ‘Pausiaca
317 2834 406 2894 πρόσω
421 2833 540 2879 Acrisius
554 2831 645 2891 ἄκρας·
663 2846 693 2877 ns
743 2825 839 2885 seps.)
850 2826 1031 2872 Nuvssarmatse
1037 2828 1187 2874 Adriaticum
1194 2829 1273 2875 sinum

166 2910 271 2957 Romani
289 2909 356 2954 altra
367 2906 553 2965 promontorium
566 2904 694 2950 Lacinium
742 2900 838 2959 ingredi
848 2912 892 2959 per
906 2899 1014 2946 Venetos
1023 2905 1139 2947 vetantur
1147 2916 1177 2948 ex
1188 2904 1273 2962 pactis.

166 2985 324 3044 mtparm
349 2985 387 3026 sat
409 2980 455 3025 hoc
475 2978 501 3023 in
523 2978 643 3037 excerptis
661 2978 693 3023 ad
743 2973 807 3020 Vide
818 2972 946 3019 Thoanum
956 2973 1141 3021 libromx.lu
1152 2978 1272 3025 sunosio

166 3051 694 3117 legauonesexnppiauo.[lsxcerpcru1vu
744 3047 896 3094 Iomxrv.

168 3125 257 3181 Ursini,
273 3136 338 3169 num.
348 3125 372 3169 5.
385 3134 443 3182 pag.
453 3123 507 3168 444.
518 3121 582 3179 tait]
598 3122 693 3169 Mersus
788 3120 799 3149 ⁸
814 3120 920 3182 Reposni
930 3120 1033 3179 Lissum,
1042 3123 1270 3185 prolatumquod

167 3215 184 3247 a
197 3198 279 3246 Poenis
299 3201 418 3251 externae,
432 3194 476 3255 qui
488 3194 515 3239 in
534 3195 693 3242 Sardininiam
742 3196 835 3243 habeut
861 3209 943 3242 omues
964 3196 1096 3243 Editionss.
1137 3200 1212 3246 Nulla
1232 3208 1270 3249 est

167 3275 206 3321 vel
224 3273 290 3319 ultra
308 3271 431 3317 columnas
450 3269 599 3329 navigarent,
619 3270 694 3317 uadis
743 3272 801 3317 urbs
822 3268 926 3317 Lmue:
943 3275 969 3316 st
987 3270 1035 3330 ἔξω
1052 3272 1100 3317 τοῦ
1119 3274 1217 3321 dcccci
1237 3276 1273 3322 sit

168 3348 256 3396 Strabo
265 3346 326 3392 libro
337 3357 405 3391 xvir.
743 3346 884 3401 Ponrnrns,
899 3344 965 3391 Hist.
980 3344 1034 3392 Lib.
1046 3358 1074 3392 ιι.
1090 3360 1143 3406 cap.
1155 3349 1192 3395 12.
1207 3349 1272 3395 uude

213 3431 226 3465 r
240 3420 271 3467 Iu
283 3418 383 3466 sm
389 3416 490 3477 sedere]
506 3415 568 3464 Erat
577 3421 603 3464 st
611 3417 657 3463 hoo
667 3416 693 3463 iu
743 3419 786 3464 has
795 3418 893 3465 imderis
902 3420 969 3479 leges
979 3420 1064 3465 sumsit
1074 3420 1168 3466 Auctor
1182 3426 1272 3481 noster,

168 3512 205 3555 so,
219 3510 251 3542 ne
270 3493 375 3541 Romani
393 3494 419 3539 iu
434 3493 542 3540 Africam
555 3497 600 3539 sut
614 3492 694 3539 Sardi-
744 3506 889 3553 quemquem
907 3492 933 3537 in
953 3506 996 3539 ora
1010 3492 1066 3539 iibri
1082 3488 1160 3540 solum
1176 3496 1272 3556 Appiu-

169 3709 224 3763 and
236 3708 311 3764 atter
325 3706 375 3763 the
386 3706 476 3761 battle
488 3705 522 3761 oi
534 3705 662 3769 Salamis,
673 3704 771 3760 within
785 3704 835 3761 tha
848 3706 993 3778 Cyaneaus
1002 3708 1059 3762 aud
1072 3707 1208 3764 Phaselis.
1234 3708 1271 3763 Iu

168 3794 219 3849 the
231 3801 312 3849 unce
326 3792 361 3848 oi
376 3791 426 3848 the
439 3790 665 3862 Peloponnesias
678 3807 746 3855 aar,
761 3792 786 3846 it
798 3807 854 3847 was
869 3794 972 3864 agreed
992 3791 1056 3847 that
1074 3792 1124 3848 the
1138 3794 1271 3849 Lacedae·

169 3880 296 3934 monicus
310 3877 412 3933 should
423 3883 475 3933 not
486 3876 556 3932 send
571 3886 602 3933 to
614 3892 663 3931 sea
676 3875 753 3947 ships
768 3876 802 3931 of
811 3894 877 3942 war,
891 3878 943 3933 but
955 3879 1022 3950 only
1036 3878 1271 3952 merchautshipa

171 3963 263 4017 oinct
273 3962 364 4016 above
378 3968 431 4017 500
441 3962 545 4017 taleuts
557 3960 688 4017 burthen.
713 3962 748 4016 In
765 3962 816 4018 the
829 3964 904 4019 First
919 3964 1022 4036 Treaty
1034 3963 1068 4019 of
1079 3964 1129 4019 the
1145 3964 1271 4021 Romana

171 4046 238 4101 with
255 4045 305 4099 the
325 4046 546 4117 Carthaginiana,
565 4047 590 4101 it
608 4064 663 4101 was
685 4048 788 4118 agreed
812 4047 875 4103 that
898 4048 948 4105 the
970 4050 1097 4105 Romans
1118 4050 1175 4104 aud
1196 4050 1272 4106 their

170 4131 250 4186 altiss
272 4129 373 4185 should
395 4136 447 4184 not
469 4132 599 4201 navigate
623 4132 734 4203 beyond
758 4133 836 4203 (ispe
858 4134 926 4189 Fsir
946 4133 1112 4200 (Petelinum
1133 4135 1271 4189 Promon-

171 4212 294 4281 torisuu),
307 4220 407 4285 except
418 4214 573 4285 compelled
585 4216 623 4287 by
634 4222 756 4288 tempest
768 4234 801 4273 or
814 4217 917 4274 hostile
930 4221 1025 4283 force;
1046 4218 1103 4272 and
1115 4218 1177 4272 that
1188 4218 1271 4274 those

170 4300 234 4355 who
247 4299 304 4352 had
319 4314 399 4353 come
418 4298 510 4352 under
528 4300 597 4355 such
617 4303 790 4372 compulsion
809 4303 911 4358 should
930 4304 997 4375 only
1010 4304 1077 4357 taire
1091 4304 1270 4367 necessaries,

171 4386 229 4441 and
241 4384 344 4440 should
357 4383 458 4455 depart
472 4383 568 4439 within
582 4386 637 4440 fire
648 4386 731 4458 dayes
749 4388 807 4442 aud
823 4389 853 4442 iu
867 4390 918 4444 the
932 4388 1044 4444 Second
1058 4388 1163 4456 Treaty
1177 4386 1201 4440 it
1216 4402 1271 4442 uas

171 4470 274 4543 agreed
289 4468 352 4525 that
365 4468 414 4525 the
431 4470 557 4526 Romane
576 4470 676 4525 should
689 4479 741 4528 not
754 4473 878 4544 piundcr
895 4490 949 4529 nor
963 4474 1052 4528 trsliic
1069 4470 1182 4543 beyond
1195 4470 1272 4543 Ospa
