3234 5125
468 763 867 859 LUDOVIOO
913 766 1039 859 XIII

279 1032 586 1085 omnmssmo
611 1036 830 1087 FBAIICORUH
853 1038 900 1088 ΕΤ
923 1038 1106 1090 MVABBAE
1130 1042 1218 1091 REGI

503 1252 671 1340 HUGO
724 1252 997 1343 GROTIUS.

232 1778 370 1847 UDET
403 1780 461 1849 hio
492 1780 591 1859 liber,
622 1782 761 1869 Regum
790 1780 1073 1862 eminentissime,
1108 1784 1225 1853 Tuum
1257 1782 1327 1853 eibi

258 1900 445 1982 augustum
471 1919 600 1965 nornen
627 1896 828 1974 inscribere,
853 1919 925 1963 non
957 1898 1021 1976 sui,
1051 1920 1123 1965 non
1147 1900 1325 1980 Auctoris,

170 2010 235 2077 sed
259 2012 456 2097 argumenti
485 2012 622 2093 fiducia,
648 2032 712 2097 pro
736 2014 882 2079 Iustitia
900 2012 1028 2098 quippe
1051 2012 1219 2100 seriptusz
1246 2037 1324 2099 quae

170 2126 279 2193 virtus
295 2128 386 2195 odoo
403 2129 481 2195 Τιιιι
497 2133 562 2206 est,
577 2133 619 2194 ut
634 2127 718 2195 inde
734 2128 805 2195 tuis
821 2127 956 2195 meritis
972 2134 1011 2195 et
1026 2127 1169 2196 humani
1183 2131 1325 2217 generis

170 2243 334 2329 suffragio
351 2243 589 2329 dignissimum
612 2248 714 2309 tanto
730 2243 832 2330 Rege
848 2248 1120 2330 cognomentum
1135 2247 1325 2333 occeperis,

169 2363 210 2425 ut
225 2359 303 2445 jem
326 2358 456 2444 ubique
477 2358 577 2425 Josrr
598 2358 832 2444 appellatione
854 2380 925 2425 non
943 2358 1058 2427 minus
1078 2382 1183 2445 quom
1208 2362 1325 2431 Lono-

169 2494 237 2539 rror
261 2475 425 2545 noscaris.
478 2474 634 2562 Speciosi
659 2474 826 2543 Romanis
852 2473 1014 2542 Ducibus
1039 2475 1249 2545 videbantur
1277 2502 1324 2549 ex

171 2589 286 2669 Creta,
318 2589 496 2668 Numidis,
524 2589 656 2668 Africo,
684 2589 779 2668 Asia,
811 2589 957 2673 aliisque
983 2590 1130 2660 devietis
1158 2593 1324 2680 gentibus

168 2705 273 2772 tituli.
324 2707 377 2772 At
399 2711 531 2790 quanto
555 2706 670 2772 Tuum
688 2705 866 2782 illustrius,
884 2727 954 2790 quo
974 2705 1177 2791 significaris
1196 2709 1323 2779 nullius

168 2821 297 2908 P⁰P1ffi2
324 2821 451 2890 nullius
479 2821 638 2900 hominis,
667 2821 730 2889 sed
758 2821 843 2907 ejus,
871 2822 967 2905 quod
993 2821 1160 2908 injustum
1186 2831 1252 2905 est,
1284 2832 1323 2894 et

169 2935 278 3004 hostis
294 2937 433 3022 ubique,
452 2941 490 3004 et
503 2936 615 3004 vietor
632 2937 797 3022 semper?
828 2936 997 3021 Magnum
1010 2942 1179 3023 putnmnt
1192 2941 1324 3026 AEgyp-

169 3051 211 3120 tii
240 3073 352 3138 reges,
381 3053 412 3118 si
437 3051 547 3139 putris
576 3050 643 3128 hio,
663 3051 786 3118 matris
811 3049 880 3130 ille,
907 3050 1057 3116 fratrum
1085 3073 1206 3122 amans
1233 3054 1322 3122 nlius

170 3167 378 3236 dicerentur.
424 3168 477 3235 At
507 3165 683 3253 quantulus
712 3166 764 3233 heo
794 3172 913 3252 portes
943 3172 1026 3234 eunt
1060 3167 1129 3234 Tui
1161 3170 1320 3250 nominis,

169 3285 264 3369 quod
279 3307 350 3352 non
363 3286 432 3352 ista
446 3289 595 3366 tontum,
612 3283 677 3352 sed
700 3283 865 3369 quiequid
881 3283 1063 3370 pulchrum
1081 3288 1119 3350 et
1135 3283 1322 3354 honestum

167 3401 361 3487 excogitari
375 3405 502 3488 potest,
515 3400 649 3468 ambitu
665 3421 729 3467 suo
744 3399 1009 3486 complectitur:
1034 3398 1059 3465 J
1061 3419 1162 3464 ueros
1178 3421 1226 3477 es,
1240 3422 1321 3469 cum

166 3517 290 3605 Mngni
310 3538 416 3604 supro
437 3538 541 3584 omne
565 3515 604 3582 id
627 3516 722 3602 qnod
748 3515 820 3583 clici
844 3520 962 3602 potest
981 3514 1090 3600 Regis
1111 3515 1229 3584 Patris
1251 3518 1320 3584 Tui

167 3633 372 3703 memoriani
399 3632 549 3699 honores
581 3631 695 3718 ipsum
726 3631 919 3698 imitando:
952 3630 1090 3708 Josros,
1124 3653 1205 3698 oum
1237 3633 1321 3700 Fre

166 3755 258 3816 trem
280 3747 396 3816 modis
419 3748 589 3828 omnibus,
615 3747 680 3816 sed
703 3747 799 3814 nullo
824 3770 864 3815 re
889 3747 1001 3834 magis
1026 3769 1130 3832 quom
1157 3750 1320 3838 exemplo

166 3869 230 3932 tuo
262 3863 424 3932 instruis:
456 3864 593 3940 Jusnos,
627 3885 709 3932 cum
740 3863 885 3931 Sorores
917 3862 1060 3930 summis
1089 3864 1320 3934 matrimoniis

166 4000 290 4048 ornes:
314 3979 451 4056 Josrus,
468 3999 549 4046 oum
565 3977 719 4064 sepultos
734 3999 845 4065 prope
861 3977 959 4064 leges
974 3999 1129 4057 revocas,
1146 3983 1195 4057 et,
1212 4003 1320 4066 quun.

166 4099 242 4162 tum
258 4101 371 4182 potes,
388 4093 505 4161 ruenti
526 4093 562 4159 in
586 4093 685 4180 pejus
708 4094 828 4160 seculo
849 4097 963 4160 temet
985 4093 1152 4179 opponis:
1178 4096 1203 4163 J
1206 4118 1318 4178 ueros,

167 4210 231 4278 sed
246 4210 348 4278 simul
371 4209 533 4286 clemens,
551 4230 631 4274 cum
654 4206 814 4286 subditis,
831 4230 918 4293 quos
939 4223 1011 4274 tuoe
1033 4208 1202 4277 bonitatis
1218 4213 1318 4298 igno-

167 4326 280 4392 rantia
296 4327 342 4392 ub
358 4325 463 4392 officii
482 4325 593 4392 limite
615 4329 829 4392 transversos
852 4329 985 4410 egerat,
1002 4329 1131 4410 preter
1146 4329 1318 4410 peccandi

167 4441 345 4511 lioentinm
370 4441 455 4508 nihil
480 4441 618 4522 adimis·
634 4463 701 4509 neo
720 4441 790 4510 vim
809 4441 927 4510 adfers
948 4439 1072 4508 onimis
1088 4439 1183 4506 circe
1201 4441 1318 4513 divino

1170 4567 1216 4632 be
