3234 5125
337 330 402 395 220
584 337 640 394 nn
661 336 775 394 nuum
796 334 940 403 cnns1s,
961 336 1011 391 ar
1032 334 1190 391 Paruum
1309 324 1383 410 [nm.
1393 329 1435 390 114

340 500 496 570 homicidii
519 500 685 569 tenebitur.
732 500 866 568 Accedit
886 501 970 588 quod
987 508 1052 566 tam
1075 499 1130 565 diu
1151 519 1246 584 quam
1268 504 1362 563 noctu
1385 495 1438 562 lert¹

343 602 504 668 duodecim
525 602 703 669 tabularum
726 600 844 690 exegit,
870 609 907 666 ut
929 600 1024 686 isqui
1046 599 1148 665 furem
1172 597 1437 683 deprehendisset,

214 729 246 802 “a
343 723 413 767 cum
429 701 564 767 clamore
579 701 612 766 id
628 699 856 778 testificaretur,
883 701 938 766 lut
960 721 1000 764 ex
1020 698 1096 764 Caio
1113 696 1266 774 discimus,
1294 695 1438 760 nimirum

202 792 234 848 ἰ’
295 793 300 804 '
330 809 379 866 'ut
395 800 422 865 si
437 800 506 866 fieri
522 810 635 887 posset,
662 821 827 865 concursus
848 821 887 864 eo
911 797 1001 864 fieret
1026 796 1266 884 magistratuum
1287 802 1342 860 aut
1364 794 1440 858 viei-

344 922 455 965 norum
479 900 521 964 ad
547 898 696 965 auxilium
723 905 757 963 et
783 897 1002 964 testimonium.
1055 895 1137 974 Quia
1168 916 1243 960 vero
1273 915 1439 958 concursus

345 998 417 1064 talis
431 998 471 1064 de
487 998 539 1064 dio
554 997 673 1063 facilius
688 997 824 1063 hahetur
838 1018 932 1082 quam
950 996 990 1061 de
1007 1004 1107 1072 nocte,
1127 1002 1164 1059 ut
1180 1001 1269 1059 notat
1287 991 1439 1078 Ulpianus

344 1097 387 1162 ad
403 1097 495 1163 modo
511 1096 678 1162 indicatum
695 1094 915 1161 Demosthenis
931 1095 1042 1172 locum,
1064 1093 1135 1159 ideo
1154 1093 1194 1158 de
1214 1100 1367 1158 nocturno
1384 1111 1438 1178 pe-

344 1196 443 1262 riculo
459 1193 650 1262 asseveranti
665 1193 766 1282 magis
782 1193 949 1260 creditur..

418 1296 442 1358 4
476 1293 536 1359 Gui
557 1291 657 1358 simile
677 1302 725 1358 est
746 1292 830 1378 quod
853 1292 906 1359 lex
923 1292 1062 1358 Hebraea
1077 1291 1210 1378 upuellae
1231 1289 1272 1356 de
1295 1287 1327 1354 ri
1353 1288 1441 1357 illata

295 1389 301 1401 '
343 1393 376 1458 in
392 1414 470 1480 agro
487 1391 555 1458 vult
570 1391 665 1468 credi,
690 1391 723 1455 in
740 1392 818 1456 urbe
833 1413 895 1456 non
911 1390 995 1468 item,
1019 1391 1092 1478 quia
1108 1389 1242 1457 clamore
1259 1410 1440 1456 concursum

344 1492 427 1556 ciere
450 1490 553 1578 potuit
569 1512 606 1556 ac
628 1488 746 1557 debuit.
797 1489 849 1556 Ad
870 1489 1031 1577 superiora
1057 1499 1091 1556 et
1114 1491 1173 1555 hoc
1197 1489 1327 1566 accedit,
1353 1487 1439 1573 quod

344 1589 465 1656 etiamsi
481 1598 586 1656 cetere
602 1595 705 1654 ament
721 1587 821 1676 paria,
840 1596 945 1654 tamen
962 1609 1032 1675 qua
1052 1597 1143 1655 nocte
1164 1587 1317 1662 accidunt,
1340 1587 1442 1651 minus

345 1686 512 1776 explorari,
532 1697 566 1754 et
587 1687 690 1774 qualia
710 1696 889 1773 quantoque
909 1687 972 1753 sint
998 1686 1141 1777 cognosci
1167 1693 1316 1774 possunt:
1342 1705 1441 1770 eoque

344 1796 418 1855 sunt
431 1787 627 1854 terribiliora
678 1787 746 1852 Lex
772 1809 850 1875 ergo
872 1795 938 1852 tam
955 1785 1093 1852 Hebraea
1115 1807 1208 1872 quam
1231 1786 1382 1859 Romana,
1408 1783 1442 1848 id

346 1884 430 1972 quod
445 1886 559 1953 caritas
575 1885 694 1963 suadet,
711 1884 829 1951 civibus
841 1885 904 1950 suis
921 1885 1080 1972 pracepit,
1096 1905 1241 1970 nequem
1255 1878 1442 1948 interficiant

345 1985 416 2051 ideo
433 1988 588 2053 duntaxat
612 1984 686 2071 quia
710 2006 777 2050 rem
800 1985 935 2060 furetur,
960 1984 1016 2049 sed
1034 1992 1069 2050 ut
1086 1983 1119 2048 id
1139 1983 1184 2048 ite
1207 1982 1331 2048 demum
1350 1981 1444 2047 liceat

345 2084 372 2148 ei
398 2084 502 2170 isqui
526 2106 593 2150 rem
618 2105 706 2149 suam
728 2105 855 2149 servare
877 2081 976 2148 voluit
991 2082 1059 2169 ipse
1080 2082 1114 2147 in
1131 2080 1296 2148 discrimen
1313 2079 1441 2146 venerit

345 2185 450 2248 Moses
467 2181 672 2252 Maimonides
687 2182 820 2258 notavit,
842 2181 1022 2267 permissam
1039 2180 1163 2267 privato
1180 2179 1298 2244 homini
1314 2178 1443 2245 alterius

344 2280 590 2345 interfectionem
612 2301 675 2344 non
699 2279 800 2356 aliter,
827 2279 885 2345 nisi
907 2289 944 2346 ut
966 2288 1110 2346 servetur
1127 2279 1170 2356 id,
1194 2279 1278 2364 quod
1295 2286 1343 2344 est
1365 2277 1444 2343 irre-

344 2377 493 2465 parabile,
519 2386 556 2443 ut
572 2377 638 2444 vite
655 2386 689 2443 et
704 2377 861 2464 pudicitia

419 2476 512 2540 XIII.
564 2478 584 2541 1
620 2475 704 2554 Quid
720 2497 795 2540 vero
815 2477 883 2563 jam
907 2476 948 2542 do
973 2476 1045 2566 lege
1062 2476 1255 2567 Euangeliou
1278 2476 1444 2542 dicemus?

343 2572 428 2641 idem
443 2577 484 2641 ab
499 2597 537 2641 ea
548 2574 697 2661 permitti,
723 2575 806 2661 quod
823 2576 964 2662 permisit
980 2576 1032 2641 lex
1047 2577 1188 2665 Moysis;
1214 2598 1257 2643 an
1272 2586 1309 2643 ut
1325 2576 1358 2642 in
1374 2575 1445 2642 aliis

343 2736 347 2741 '
387 2733 398 2762 ⁶
418 2735 466 2782 Sed
486 2736 576 2782 elamor
594 2736 636 2782 ille
655 2748 704 2781 non
725 2735 830 2795 exigitur
853 2750 869 2783 a
917 2735 1294 2784 Nooddiotem.1,ib.r.o.1e
1326 2734 1398 2784 J.B.

343 2806 477 2856 Duodecirn
501 2812 578 2858 Tabb.
604 2811 805 2859 Additamentum
830 2816 868 2859 est
961 2812 1082 2857 'Puella’
1101 2812 1131 2858 de
1148 2812 1173 2857 οι·
1189 2812 1215 2857 in
1231 2826 1292 2871 cyre
1307 2812 1379 2857 illuto
1393 2812 1444 2858 cult

344 2884 399 2931 Gaii
416 2885 484 2942 Jcci,
499 2888 540 2946 qui
556 2887 627 2933 etiam
646 2887 700 2946 agit
721 2891 817 2932 tantum
837 2887 867 2933 de
917 2885 993 2946 medi]
1015 2886 1082 2933 Bene
1095 2887 1120 2932 id
1135 2886 1239 2946 exphcat
1252 2886 1329 2943 Philo,
1339 2886 1443 2933 utlocus

342 2958 410 3020 Lege
419 2960 524 3020 Aquilia.
546 2960 608 3009 Vide
618 2961 715 3007 omniuo
725 2960 815 3007 laudati
828 2958 866 3008 Cl.
917 2960 1087 3021 frequentioris
1102 2962 1206 3022 exempli
1222 2976 1294 3008 causa
1302 2962 1334 3009 stt
1344 2962 1443 3022 positus,

342 3203 403 3258 tion
415 3219 517 3269 cesses,
531 3203 588 3258 and
598 3203 636 3259 he
649 3205 673 3259 is
684 3205 775 3278 guilty
786 3206 820 3261 of
827 3205 976 3261 homicide.
1007 3206 1072 3262 Add
1087 3212 1117 3262 to
1131 3205 1271 3272 thiatbat
1284 3206 1334 3262 the
1348 3208 1401 3261 law
1411 3206 1446 3261 of

342 3288 393 3344 the
404 3289 516 3345 Twelve
525 3290 627 3345 Tables
637 3292 768 3362 required
782 3291 843 3345 him
854 3292 916 3347 who
928 3292 1090 3348 discovered
1103 3309 1121 3346 a
1132 3291 1212 3357 thief,
1226 3292 1318 3347 either
1332 3292 1442 3347 diurnal

342 3391 377 3429 or
390 3375 547 3441 nocturnal,
558 3382 589 3431 to
600 3393 650 3449 cry
660 3382 711 3432 eut
724 3377 825 3443 aloud;
837 3379 958 3451 namely,
969 3377 1032 3433 that
1043 3377 1212 3449 neighbours
1223 3394 1256 3433 or
1267 3378 1443 3449 magistrates

343 3459 434 3531 might
448 3478 528 3516 come
541 3461 672 3533 together
682 3462 728 3518 for
740 3462 807 3535 help
823 3463 879 3518 and
893 3464 1053 3534 testimony.
1085 3462 1192 3517 Andes
1207 3462 1275 3517 such
1290 3478 1442 3517 concourse

343 3546 367 3600 is
379 3548 469 3601 caster
480 3546 517 3617 by
529 3547 584 3618 day
595 3548 664 3602 than
678 3548 717 3619 by
730 3549 820 3619 night,
830 3548 974 3604 therefore
985 3565 1064 3604 more
1076 3549 1213 3603 credence
1223 3548 1246 3603 is
1258 3549 1341 3619 given
1352 3550 1382 3602 in
1393 3548 1443 3603 the

344 3646 408 3685 case
422 3631 455 3685 of
466 3631 516 3686 the
530 3632 678 3686 nocturnal
693 3632 808 3703 danger.

400 3715 463 3771 The
476 3731 539 3769 case
553 3716 577 3769 is
588 3716 693 3770 similar
707 3717 775 3771 vvith
785 3718 887 3789 regard
901 3724 932 3774 to
946 3719 996 3775 the
1008 3719 1129 3775 Hebrevv
1143 3720 1204 3786 lav,
1218 3720 1304 3774 Dent.
1321 3718 1385 3774 xxii.
1399 3724 1443 3783 23,

343 3794 433 3851 vvhich
453 3798 557 3853 directe
571 3799 635 3855 that
652 3802 760 3855 amaid
774 3802 837 3857 vho
855 3803 905 3857 has
919 3804 992 3859 been
1009 3805 1107 3860 forced
1121 3806 1151 3860 in
1169 3804 1219 3860 the
1238 3804 1305 3859 llcld
1323 3805 1347 3859 is
1361 3810 1392 3859 to
1407 3804 1444 3860 be

343 3879 482 3945 believed,
495 3882 548 3937 but
561 3884 591 3937 in
606 3884 656 3940 the
666 3886 731 3957 city,
744 3892 803 3951 not,
818 3890 922 3943 masec
935 3891 979 3944 else
992 3891 1065 3946 esse
1077 3900 1124 3946 not
1135 3892 1210 3961 being
1227 3892 1257 3943 ιἰι
1269 3892 1310 3944 tlte
1324 3890 1386 3960 city.

401 3972 418 4019 4
445 3966 487 4021 Tc
500 3965 557 4021 this
571 3970 594 4022 is
609 3975 639 4023 to
649 3969 686 4025 be
700 3971 801 4035 added,
816 3973 880 4028 that
893 3975 923 4028 in
937 3975 1012 4029 what
1026 3976 1152 4047 happens
1167 3977 1204 4047 by
1215 3974 1305 4046 night,
1316 3992 1358 4029 ve
1372 3975 1444 4029 have

343 4066 381 4105 no
395 4067 492 4106 means
506 4052 540 4106 of
552 4052 683 4125 lmovving
696 4055 746 4110 the
761 4063 858 4113 extent
872 4060 905 4114 of
923 4059 972 4115 the
987 4062 1102 4132 danger,
1122 4061 1266 4116 therefore
1283 4062 1306 4115 it
1323 4061 1347 4115 is
1365 4076 1444 4116 more

344 4137 468 4193 terrible.

402 4224 466 4278 And
480 4221 621 4279 therefore
635 4224 686 4280 the
700 4226 829 4291 Hehresv,
839 4227 896 4283 like
908 4228 957 4284 the
969 4228 1080 4285 Roman
1091 4231 1152 4296 law,
1163 4231 1266 4286 directa
1278 4230 1341 4285 that
1353 4228 1444 4283 which

343 4309 534 4367 benerolenoe
551 4312 753 4377 recommends,
774 4312 838 4369 that
858 4330 896 4367 no
918 4330 972 4369 one
986 4314 1088 4370 should
1105 4316 1141 4372 be
1156 4316 1227 4371 elain
1246 4316 1312 4387 only
1323 4316 1445 4370 because

344 4395 381 4450 he
397 4398 477 4452 tatros
498 4395 618 4469 othing,
635 4398 688 4453 hut
701 4398 768 4471 only
785 4397 812 4452 if
827 4398 865 4455 he
879 4399 941 4455 who
959 4400 1077 4457 defends
1095 4402 1119 4455 it
1137 4418 1231 4457 comes
1249 4402 1309 4456 into
1327 4400 1444 4468 danger.

343 4480 530 4548 Maimonides
543 4499 615 4557 says
627 4484 691 4541 that
704 4484 754 4541 the
768 4484 878 4556 slaying
894 4485 928 4539 of
938 4503 957 4541 a
970 4501 1037 4542 man
1051 4488 1075 4541 is
1092 4487 1249 4558 permitted
1259 4494 1290 4543 to
1304 4502 1322 4543 a
1335 4484 1446 4557 private
