3234 5125
533 382 834 440 PROLEGOMENA.
1158 368 1242 433 lxxix

206 548 249 611 60
285 543 479 632 Scriptorum
496 551 637 609 veterum
654 544 722 631 ipse
741 545 840 610 verbe
857 543 974 611 adduxi
990 542 1158 621 interdum,
1184 542 1238 609 nbi
1252 563 1384 650 &empne

15 642 17 649 '
132 643 210 710 tulin
224 652 325 720 erent,
350 653 387 710 ut
402 650 458 707 eut
477 664 546 707 eum
563 644 758 723 auctoritate,
786 654 842 709 aut
858 666 927 709 cum
950 651 1114 710 venustate
1132 643 1239 731 singu·

132 742 194 809 leri
219 743 302 809 diets
324 742 524 808 viderentur:
554 742 638 826 quod
662 749 696 807 et
720 741 753 807 in
780 741 892 829 graeeis
915 741 975 807 feci
1004 764 1237 828 nonnunquam,

133 842 190 908 sed
214 841 348 907 maxime
365 840 418 907 ubi
439 847 495 905 eut
511 838 614 906 brevis
636 846 706 907 eret
727 840 891 918 sententie,
916 847 973 906 eut
991 839 1079 926 eujus
1103 840 1239 929 gretiam

132 960 263 1027 sperare
280 961 342 1004 non
359 938 512 1005 audebam
533 937 630 1003 latino
647 960 789 1004 sermone
805 960 856 1003 me
872 959 963 1026 posse
978 938 1121 1025 assequi:
1146 959 1239 1025 quem

133 1046 241 1103 tumen
267 1037 382 1123 ubique
406 1034 536 1123 adjunxi
561 1037 594 1103 in
619 1059 727 1103 eorum
752 1038 946 1104 commodum
968 1036 1023 1123 qui
1046 1058 1153 1127 greeee
1175 1058 1240 1101 non

134 1135 318 1202 didicerunt.

212 1236 255 1299 61
292 1235 394 1311 Quum
410 1254 487 1299 rere
504 1253 563 1321 ego
580 1233 613 1300 in
636 1233 768 1301 eliorum
784 1234 945 1301 sententiis
962 1256 1000 1299 ee
1020 1233 1144 1323 seriptis
1161 1232 1240 1319 diju-
1252 1244 1388 1330 m

136 1332 276 1401 dicendis
302 1332 379 1397 mihi
407 1331 502 1397 eumsi
527 1332 715 1409 libertatem,
741 1333 873 1398 eundem
899 1333 963 1399 sibi·
979 1332 1013 1397 in
1035 1355 1086 1399 me
1105 1339 1239 1412 sument,
1252 1337 1333 1377 “W

137 1453 243 1496 omnes
259 1452 312 1496 eos
328 1452 384 1496 oro
400 1439 495 1515 etque
512 1430 660 1507 obtestor,
688 1452 820 1517 quorum
842 1432 876 1496 in
893 1452 1002 1497 munus
1022 1430 1085 1496 iste
1104 1431 1240 1500 venient.

137 1531 210 1595 Non
225 1529 271 1594 illi
287 1529 438 1615 promtius
458 1551 508 1594 me
524 1530 693 1596 monebunt
710 1538 878 1608 errantem,
893 1551 987 1615 quem
1004 1551 1064 1617 ego
1079 1538 1242 1595 monentes

137 1650 258 1715 sequar.
309 1629 353 1694 Et
369 1626 436 1713 jem
452 1648 533 1692 nune
549 1628 638 1705 adeo,
662 1626 689 1693 si
705 1627 780 1713 quid
797 1627 847 1691 hie
864 1627 984 1714 pietati,
1010 1626 1038 1693 si
1058 1628 1134 1713 quid
1154 1627 1243 1693 bonis

137 1726 284 1802 moribus,
307 1725 334 1792 si
361 1725 436 1812 quid
464 1724 560 1791 saeris
587 1725 694 1802 literis,
725 1724 752 1789 si
779 1723 856 1810 quid
885 1725 1023 1791 eeclesiee
1057 1725 1243 1791 Christiane)

138 1824 309 1900 eonsensui
335 1824 361 1889 si
382 1822 459 1909 quid
475 1824 530 1889 ulli
547 1822 674 1889 veritati
690 1823 920 1889 dissentaneum
938 1844 960 1889 s
980 1843 1031 1888 me
1051 1822 1167 1889 dietum
1183 1829 1241 1900 est,

136 1923 171 1990 id
187 1944 245 1989 nee
261 1922 376 1989 dietum
392 1929 469 1990 esto.

193 2192 227 2243 61
261 2187 276 2242 1
294 2187 351 2258 beg
367 2187 406 2242 sll
426 2188 540 2244 readers
562 2188 622 2243 into
642 2187 736 2243 whose
754 2187 846 2243 hends
863 2204 912 2259 my
926 2186 1002 2241 work
1022 2201 1088 2257 may
1101 2202 1190 2251 nome,
1211 2191 1242 2241 1ο

140 2272 207 2329 take
226 2271 276 2327 the
297 2289 375 2328 seme
395 2272 499 2344 liberty
518 2274 548 2327 in
570 2274 690 2344 judging
711 2272 745 2327 of
765 2291 815 2345 my
836 2274 965 2345 opinions
986 2272 1041 2326 end
1068 2272 1243 2343 expressione

140 2356 232 2412 which
249 2358 264 2412 1
283 2357 356 2412 here
376 2358 460 2413 taken
480 2358 547 2413 111111
567 2358 668 2429 regnrd
688 2364 719 2413 to
733 2357 816 2413 those
837 2358 870 2413 of
885 2358 988 2413 others.
1035 2356 1116 2428 They
1137 2363 1243 2412 eennot

140 2442 178 2498 be
191 2459 269 2497 more
283 2443 370 2513 resdy
384 2449 414 2498 1ο
434 2442 581 2498 admonish
596 2460 642 2499 me
662 2444 744 2499 when
754 2444 770 2498 I
780 2461 828 2497 nm
846 2444 876 2497 in
897 2459 984 2508 error,
1001 2441 1072 2497 1111111
1086 2443 1101 2496 1
1114 2442 1187 2497 shall
1206 2442 1244 2497 be

141 2534 173 2584 te
186 2528 285 2584 ettend
298 2533 329 2583 1ο
344 2527 419 2583 their
433 2528 614 2584 edmonitiom

199 2612 265 2668 And
276 2629 347 2678 now,
361 2613 387 2668 if
402 2614 417 2667 I
435 2614 506 2669 here
517 2615 577 2670 said
589 2614 725 2686 enything
736 2615 828 2670 which
842 2615 866 2669 is
885 2620 915 2669 et
926 2615 1056 2669 vnrinnee
1072 2613 1141 2668 111111
1151 2612 1243 2668 sound

141 2699 228 2770 piety,
244 2698 311 2753 111111
328 2699 402 2769 good
425 2701 536 2764 morale,
554 2698 622 2755 with
634 2699 701 2772 holy
722 2701 869 2772 scripture,
886 2699 955 2754 with
974 2698 1024 2754 the
1043 2699 1125 2770 unity
1145 2697 1180 2752 οἱ
1193 2697 1243 2752 the

143 2783 285 2840 Christinn
296 2783 417 2850 Ohurch,
438 2784 505 2839 with
520 2785 601 2841 truth
611 2787 642 2839 111
657 2801 712 2857 any
723 2785 797 2839 form
806 2784 898 2851 r-let
912 2783 975 2839 thet
984 2783 1022 2838 be
1036 2799 1067 2838 ne
1082 2782 1191 2837 unseid.
