3234 5125
142 347 210 403 Gar.
223 347 273 403 VI.
276 343 289 417 ]
335 349 387 402 DE
409 347 686 413 acuummonn
707 349 957 415 nanlvanlva,
977 348 1060 406 ETO
1172 337 1239 404 341

137 521 244 581 tamon
260 514 398 580 notanda
413 524 495 595 sunt,
518 514 677 581 alterum
668 536 701 580 m
718 513 822 591 dante,
843 515 1003 583 alterum
993 538 1027 582 ιιι
1042 537 1089 594 eo,
1113 513 1163 583 cui
1184 515 1336 618 saepe
1345 533 1389 582 aa

137 620 202 679 tur.
252 614 291 678 In
317 613 422 692 dante,
446 634 509 679 non
530 613 669 679 sufficere
685 622 789 681 actum
804 615 961 681 internum
980 615 1158 694 voluntatis,
1182 616 1238 683 sed

136 709 229 778 simul
252 711 371 798 requiri
394 721 451 779 aut
474 713 580 790 verba,
600 721 658 778 aut
679 712 786 779 alia
761 735 853 802 s1gna
872 723 1023 780 externa.
1050 714 1126 802 quia
1149 723 1238 781 actus

14 861 15 870 ,
135 809 287 889 internus,
304 819 340 879 ut
355 809 431 877 aiibi
446 810 588 890 diximus,
605 833 668 877 non
684 821 733 878 est
749 834 923 902 congruens
944 822 1066 880 natura
1081 793 1238 884 sodeuris

134 908 289 976 humanas.

206 1010 229 1074 2
263 1010 310 1075 Ut
332 1027 410 1075 vcro
432 1007 559 1076 traditio
581 1007 675 1076 etiam
693 1008 882 1097 requiratur,
905 1009 1039 1100 exlege
1060 1018 1109 1076 est
1130 1009 1361 1111 dunzo-ps

136 1127 217 1194 qnae,
232 1107 340 1193 quiea
354 1107 615 1197 multisgentibus
632 1118 758 1197 recepta
774 1118 832 1189 est,
845 1108 898 1195 jus
912 1110 1052 1198 gentium
1066 1072 1289 1195 impropriam

136 1204 259 1273 dicitur
306 1205 358 1274 Sic
389 1207 502 1274 alicubi
523 1215 706 1295 usurpatam
733 1207 881 1285 videmus,
909 1218 945 1275 ut
969 1207 1118 1295 profemio
1148 1207 1235 1294 apud

14 1381 15 1394 χ
134 1305 292 1393 populum,
312 1316 370 1374 aut
385 1306 611 1396 magistratum,
633 1316 666 1373 ct
682 1306 817 1372 relatio
808 1329 841 1371 ιιι
856 1315 928 1374 acta
941 1307 1139 1395 requiratur3
1163 1327 1237 1394 quas

14 1469 16 1488 ,
135 1403 238 1470 omnia
261 1426 303 1471 ex
319 1406 393 1492 jure
414 1427 481 1471 csse
502 1405 584 1470 cirili
604 1403 807 1470 certissimum
829 1414 886 1471 est
938 1408 1036 1472 Actus
1056 1414 1161 1471 autom
1181 1427 1235 1470 ro-

135 1499 272 1580 luntatis,
306 1525 377 1589 quse
409 1503 498 1593 signo
530 1502 724 1592 exprimitur,
755 1503 887 1593 inteiligi
920 1505 1015 1571 debet
1045 1503 1235 1572 ‘voluntatis

135 1601 305 1668 rationalis.

207 1701 251 1764 ΙΙ.
302 1698 443 1768 εΓιοίσσίιι
471 1700 504 1766 in
530 1721 577 1777 eo,
604 1699 655 1766 cui
680 1721 733 1766 res
756 1701 860 1778 datur,
886 1703 1024 1789 scpodta
1044 1703 1116 1792 lege
1140 1699 1234 1780 cirili,

134 1797 304 1884 requiritur
320 1798 504 1866 naturaliter
521 1800 663 1866 voluntas
679 1799 859 1886 accipiendi,
874 1823 944 1866 cum
960 1821 1017 1866 suo
1032 1802 1143 1890 signer
1164 1824 1236 1888 quae

14 1929 15 1934 ¹
134 1898 278 1965 voluntas
293 1898 449 1965 ordinarie
464 1897 604 1984 sequitur
621 1898 786 1976 dationem,
809 1899 865 1965 sed
881 1907 984 1986 potest
998 1909 1032 1966 et
1046 1900 1234 1988 precedere,

134 1997 262 2084 putasi
290 1996 360 2085 quis
386 1995 463 2084 quid
488 1996 567 2073 dari,
596 2005 653 2063 aut
675 1996 802 2063 concedi
827 1997 887 2064 sibi
912 1997 1068 2085 petierat:
1092 2009 1236 2065 censetur

14 2077 16 2108 '
134 2095 217 2161 enim
242 2097 359 2163 durare
383 2096 534 2172 voluntas,
558 2095 618 2160 uisi
646 2096 776 2162 mutatio
810 2105 969 2183 appareat.
1022 2098 1137 2164 Cetera
1165 2120 1236 2184 quae

14 2249 16 2280 ,
135 2199 202 2260 tum
218 2195 260 2262 ad
280 2193 361 2282 juris
383 2194 620 2272 concessionem,
644 2203 711 2260 tum
734 2193 776 2260 ad
792 2195 1001 2282 arreptionem
1022 2197 1235 2282 requiruntur,

14 2337 16 2368 ι
134 2301 168 2359 et
184 2293 336 2380 quomodo
351 2293 418 2359 fieri
433 2302 600 2379 utrumque
624 2293 730 2378 possit,
748 2292 832 2358 infra
855 2293 889 2360 in
902 2294 1003 2382 capite
1023 2295 1064 2360 de
1078 2294 1237 2382 promissis

133 2391 353 2459 tractabimus:
388 2413 460 2457 nam
484 2391 518 2457 in
541 2391 600 2457 hoc
622 2384 798 2459 balienandi
819 2401 854 2459 ct
877 2393 1078 2480 promittendi
1100 2415 1160 2482 par
1188 2403 1237 2461 est

133 2491 224 2570 ratio,
237 2490 310 2579 jure
327 2491 452 2580 quidem
467 2489 612 2558 naturali.

177 2647 1026 2711 *hmfflmmfflcmm·fflwwmfflfflm

14 2798 15 2813 χ
133 2724 655 2785 rns‚11.11.A1ienatiorsrasseotidumde-
751 2726 1179 2789 balmiepromiuadipar
1200 2736 1236 2777 ert

14 2956 15 2961 ¹
134 2938 266 2994 raceirer.
300 2938 336 2994 In
346 2938 396 2995 the
409 2940 487 3012 giren
498 2958 534 2995 au
545 2938 667 2995 internal
681 2942 728 2995 act
740 2936 773 2993 of
783 2938 834 2995 the
845 2940 903 2994 will
915 2938 982 2994 does
993 2944 1045 2995 ιιοε
1055 2938 1166 3005 suffice;
1183 2940 1236 2995 hut

134 3024 216 3079 there
230 3040 278 3079 ere
297 3026 427 3096 required
445 3026 563 3090 besides,
581 3025 672 3081 either
689 3025 780 3081 words
796 3042 831 3080 οι·
847 3025 973 3080 external
988 3032 1062 3092 acte3
1079 3026 1199 3081 because
1218 3043 1236 3081 a

134 3125 213 3163 merc
227 3110 348 3164 intcrnel
362 3116 416 3175 act,
435 3126 466 3166 as
481 3128 523 3166 ιισ
539 3111 611 3167 hare
626 3111 687 3167 said
702 3110 896 3177 elsewhere,is
911 3116 962 3167 not
973 3127 1130 3183 congruens
1141 3119 1171 3167 to
1185 3111 1235 3167 the

14 3206 15 3223 ¹
134 3200 236 3249 nature
250 3193 281 3247 oi
293 3194 400 3249 human
410 3197 525 3268 society.

191 3286 209 3333 2
230 3278 305 3335 That
321 3280 456 3339 tradition
476 3280 626 3356 (dclircry)
642 3282 701 3337 also
720 3282 743 3337 is
760 3280 901 3353 required,
917 3282 941 3337 is
958 3299 977 3337 a
994 3288 1099 3338 matter
1113 3281 1147 3336 οε
1163 3282 1235 3336 unu

14 3370 16 3383 “
135 3364 216 3431 Ῑισιι;
233 3364 334 3432 which,
350 3366 470 3423 bacam
487 3369 511 3422 it
529 3369 554 3423 is
571 3368 700 3424 received
720 3368 759 3441 by
776 3384 862 3438 many
882 3366 1003 3432 natione,
1023 3368 1236 3440 isimpropcrly
1285 3419 1294 3436 ,

136 3450 227 3506 called
238 3467 256 3505 a
266 3458 331 3523 part
344 3452 378 3506 of
384 3452 437 3507 Juc
449 3453 586 3508 Genitore.
622 3454 661 3509 So
672 3454 703 3506 ia
718 3453 801 3508 other
810 3453 905 3524 places
917 3469 960 3508 ιιο
975 3453 1035 3507 find
1047 3453 1096 3509 the
1106 3470 1192 3525 usage
1204 3464 1243 3508 to*

14 3574 17 3617 i
136 3535 182 3601 hc,
196 3535 259 3591 that
270 3552 289 3590 a
303 3535 475 3593 declaration
490 3538 589 3594 before
602 3538 652 3594 the
664 3539 767 3610 peopte
781 3554 816 3594 οι·
825 3538 876 3593 the
887 3540 1059 3610 magistrate,
1069 3553 1103 3594 οι
1119 3556 1137 3593 a
1147 3540 1235 3609 regie·

136 3620 284 3693 tryofthe
295 3623 549 3696 gimisrequircd·
566 3624 657 3681 which
670 3624 1124 3697 itisquitecertainaramattera
1138 3625 1172 3680 of
1185 3624 1238 3680 the

137 3707 209 3763 civil
222 3708 298 3764 Ῑισιι.

186 3793 233 3847 An
243 3800 291 3849 act
301 3794 336 3850 of
343 3793 394 3851 the
402 3796 459 3850 will
470 3795 619 3869 expressed
629 3795 668 3869 by
682 3812 700 3851 a
710 3796 773 3869 sign
783 3800 860 3851 must
870 3794 907 3904 be
920 3793 1092 3852 understood
1102 3801 1134 3852 εο
1145 3812 1237 3863 mean,

135 3878 198 3934 ota
211 3879 331 3934 rational
345 3882 410 3937 will.

180 3964 219 4017 Π.
257 3963 323 4017 On*
334 3965 383 4021 εεισ
395 3966 478 4022 other
488 3966 575 4034 sidc,‘
567 3984 596 4022 ru
608 3966 668 4023 him
679 3971 711 4023 to
720 3966 813 4023 rhem
824 3966 875 4023 the
885 3965 988 4038 thing
979 3984 1003 4022 ιι
1013 3967 1105 4038 given,
1116 3968 1221 4024 there'
1211 3984 1236 4024 ιι

137 4047 276 4118 required,
295 4052 399 4121 setting
415 4053 492 4107 asido
511 4054 562 4109 tha
579 4052 652 4109 Giril
672 4053 748 4119 Lar,
766 4054 805 4125 hy
827 4053 950 4108 Natural
969 4052 1044 4119 Iar,
1062 4053 1112 4109 the
1129 4054 1188 4108 will
1205 4053 1241 4109 or*

137 4133 292 4203 accepting,
304 4134 372 4188 with
383 4136 419 4190 its
433 4138 512 4208 sigar
531 4137 622 4193 thoh
636 4139 693 4192 will
704 4138 857 4210 ordinarily
870 4138 967 4194 follow
983 4138 1034 4193 the
1053 4138 1165 4209 giring3
1184 4139 1238 4193 hut

136 4234 203 4288 may
219 4217 340 4289 precede
358 4220 397 4285 εει
417 4236 448 4275 as
468 4220 515 4277 for
530 4222 656 4278 instance
678 4224 705 4278 if
719 4222 770 4279 εειο
787 4224 913 4279 receiver
928 4222 987 4276 had
1001 4223 1088 4277 asked
1105 4222 1170 4276 that
1186 4222 1239 4278 the

136 4302 218 4374 thing
229 4302 266 4357 be
279 4304 371 4374 given,
382 4320 415 4359 or
425 4306 558 4377 grantedr
571 4308 619 4362 for
629 4308 698 4364 such
710 4325 728 4363 a
738 4309 834 4364 villis
852 4307 995 4381 supposed
1011 4312 1043 4362 εο
1060 4308 1193 4362 continue
1206 4314 1238 4362 tc

14 4380 16 4413 ἰ
136 4388 217 4455 crist,
228 4394 328 4461 except
339 4404 416 4445 some
431 4389 538 4462 change
550 4408 663 4464 appear.

560 4505 803 4557 ’sams-699.
