3234 5125
333 267 399 332 312
583 274 635 328 DE
660 271 934 338 AOQUISITIONE
957 272 1188 328 ORIGINARIA
1302 272 1380 341 [hia.
1397 274 1439 328 11.

335 445 392 504 aut
408 437 488 502 male
504 436 726 502 conformatam
743 435 901 502 sobolem:
927 457 998 521 quae
1021 433 1088 500 sola
1108 433 1190 499 ratio
1212 432 1239 498 si
1253 432 1310 499 tali
1326 435 1457 521 conju-⁴

336 536 389 626 gio
406 538 554 612 obstaret,
576 545 662 601 certe
677 558 734 601 nec
748 535 871 602 irritum
887 545 977 612 esset,
1002 556 1060 600 nec
1074 534 1223 610 illicitum,
1247 555 1309 598 non
1331 535 1439 623 magis

336 658 429 722 quam
445 635 527 702 inter
542 635 619 701 alias
636 656 796 721 personas,
815 657 946 722 quarum
964 643 1041 700 setas
1061 642 1110 700 tot
1126 632 1215 700 annis
1231 632 1337 711 distat,
1354 645 1439 720 quot

335 734 425 801 annis
440 744 588 823 parentes
604 734 718 800 liberos
733 733 835 800 solent
850 735 1039 820 praecedere.

409 837 430 900 5
466 833 547 900 lllud
562 834 665 920 potius
681 832 923 919 disquirendum,
946 854 988 899 an
1011 856 1073 899 non
1095 832 1129 900 in
1149 832 1323 900 hominibus
1344 833 1434 900 nulla

335 955 436 1022 prava
453 933 636 1000 educatione
659 932 823 1020 corruptis,
847 941 963 1019 preater
984 933 1017 998 id
1033 933 1116 1020 quod
1137 931 1296 999 intellectu
1312 933 1436 1020 concipi

335 1055 426 1122 posse
446 1031 513 1121 jam
539 1033 682 1109 diximus,
706 1032 794 1098 sitin
810 1031 885 1119 ipsis
901 1033 1063 1099 affectibus
1079 1031 1173 1098 insita
1193 1031 1270 1120 fuga
1285 1033 1435 1119 quadam

335 1132 558 1201 commixtionis
572 1154 641 1197 oum
658 1131 839 1217 parentibus
852 1141 886 1198 et
903 1153 942 1198 ex
959 1154 993 1198 ae
1010 1131 1101 1209 natis,
1119 1131 1234 1218 quippe
1249 1153 1319 1196 curn
1334 1133 1375 1198 ab
1394 1155 1436 1198 ea

334 1233 430 1299 etiarn
450 1232 592 1320 quadam
614 1231 785 1296 animantia
808 1239 896 1296 muta
921 1231 1107 1297 naturaliter
1128 1231 1328 1298 abhorreant.
1379 1233 1435 1299 lta

334 1332 416 1398 enim
438 1340 472 1396 et
492 1329 545 1395 alii
568 1328 792 1408 existimarunt,
815 1339 849 1396 et
865 1330 1021 1397 Arnobius
1039 1332 1195 1397 0010010100
1215 1331 1333 1398 Gentes
1349 1330 1434 1396 libro

172 1462 299 1513 ussup
334 1430 461 1517 quinto:
485 1431 642 1495 Etiamne
658 1431 695 1495 ia
711 1442 849 1496 matrem
869 1433 1066 1517 cupiditatis
1088 1432 1238 1514 infanda
1258 1453 1347 1516 spem
1369 1433 1435 1496 Jus-

329 1532 420 1616 01101
444 1532 538 1615 cepit,
568 1551 625 1595 aec
650 1531 693 1594 ab
715 1531 809 1596 illiue
831 1532 1044 1616 appetitionis
1069 1531 1187 1595 ardore
1210 1531 1327 1596 horror
1356 1552 1436 1595 eum

334 1630 440 1716 quivit
456 1641 600 1695 coortae
608 1653 620 1704 ‚·
646 1651 740 1716 quem
755 1651 819 1694 oon
835 1631 1019 1695 bominibus
1035 1630 1124 1703 solis,
1148 1631 1206 1694 sed
1226 1631 1436 1696 animalibus

333 1751 457 1816 quoque
478 1729 643 1794 mosella
667 1741 796 1794 catara
815 1730 893 1814 ipsa
914 1729 1061 1812 subjecit,
1085 1739 1115 1794 et
1136 1729 1346 1814 insacratus
1373 1730 1436 1795 ille

333 1831 543 1895 communiter
558 1829 695 1894 senaa?
744 1829 859 1893 Exstat
875 1827 915 1893 de
930 1827 1046 1893 camelo
1063 1835 1096 1892 et
1109 1826 1168 1892 cde
1184 1848 1264 1914 equo
1281 1826 1434 1915 Scythico

332 1927 446 1993 nobilis
467 1927 501 1992 in
526 1928 606 1992 hanc
630 1949 697 1992 rem
720 1926 859 1992 narratio
885 1927 968 2014 apud
999 1925 1202 1992 Aristotelem
1228 1926 1435 1992 animantium

332 2026 464 2093 historia
479 2049 570 2102 nona,
593 2026 695 2113 capite
713 2048 814 2093 xnvu.
839 2032 872 2092 et
893 2047 955 2091 non
972 2024 1125 2091 dissimilis
1147 2025 1232 2112 apud
1250 2025 1435 2112 Oppianum

331 2125 413 2193 libro
429 2126 529 2215 primo
545 2129 585 2191 de
607 2128 737 2190 Versata
782 2126 901 2191 Seneca
915 2123 1088 2213 Hippolyto
1114 2126 1206 2208 (vers,
1222 2127 1297 2203 914,
1316 2128 1419 2210 915):

547 2246 627 2299 Ferte
641 2261 752 2315 quoque
766 2246 834 2316 ipsa
847 2244 966 2300 Veneris
980 2245 1088 2300 evitant
1101 2244 1191 2310 nefas,

547 2331 721 2401 (tenerisque
735 2331 811 2402 leges
825 2331 928 2385 inscius
942 2337 1037 2386 serrat
1050 2330 1149 2402 pudor.

409 2428 508 2495 XIII,
555 2430 573 2491 1
610 2427 759 2513 Sequitur
775 2428 905 2514 quaetio
923 2429 963 2494 de
985 2429 1136 2519 gradibus
1155 2428 1314 2496 affinitatis
1330 2431 1435 2496 omni-

332 2527 390 2595 bus
407 2537 439 2595 st
456 2528 496 2594 de
517 2525 667 2617 gradibus
683 2527 842 2615 sanguinis
863 2550 903 2594 ex
919 2537 1098 2596 transverso
1118 2529 1225 2608 limite,
1248 2529 1286 2595 iis
1300 2550 1436 2618 praser-

373 2712 385 2739 0
399 2702 439 2751 De
452 2701 523 2765 quo]
539 2701 632 2749 Plinius
648 2702 763 2750 Historia
776 2701 858 2750 Nata-
905 2706 984 2765 010001
995 2706 1133 2753 iuverim.
1162 2704 1272 2766 Namque
1286 2710 1309 2753 et
1323 2708 1433 2767 mysoti-

329 2780 392 2827 ralr's
404 2793 459 2826 sur.
470 2782 510 2827 42.
524 2778 565 2825 ubl
580 2779 610 2826 ds
623 2779 691 2838 equis
705 2778 764 2839 agit,
776 2778 857 2826 Alium
905 2794 974 2825 onum
983 2779 1113 2827 intellectas
1123 2780 1149 2826 in
1160 2780 1193 2825 iis
1202 2786 1243 2828 srt.
1272 2781 1353 2827 Habes
1362 2782 1436 2841 paris

329 2856 435 2903 aarum
444 2856 565 2903 0001οΜ
577 2855 724 2914 operimento,
734 2859 757 2900 et
765 2856 857 2915 capuita
905 2856 1111 2915 apndVarronsm
1121 2855 1151 2902 de
1161 2856 1199 2903 Rs
1213 2856 1316 2903 Rustica
1324 2870 1354 2903 ιι.
1364 2858 1388 2905 i.
1404 2862 1435 2905 et

330 2945 382 2978 0000
394 2936 470 2977 matra
484 2931 556 2985 001101,
569 2930 667 2989 petiisse
675 2935 803 2989 prerupta
818 2934 859 2976 at·
904 2931 970 2989 apud
1001 2930 1153 2991 Antigonum
1177 2931 1207 2978 ds
1231 2931 1434 2991 Admirabililus,

330 3020 375 3066 que
393 3007 559 3052 aalma.
598 3006 673 3065 Eque
691 3010 714 3050 st
728 3004 809 3050 adera
828 3018 857 3050 es·
906 3006 973 3064 (cap.
989 3005 1042 3063 69).
1058 3005 1263 3067 Aristotelemque
1277 3006 1381 3067 ejusdem
1397 3008 1433 3067 t13

329 3093 406 3127 caasa
417 3080 443 3126 ia
453 3080 557 3126 Reatino
572 3093 634 3139 apro
655 3080 784 3125 imaus·
796 3092 858 3138 pro·
905 3080 950 3126 tuli
972 3080 1044 3129 libro.
1067 3080 1141 3143 [Peg.
1162 3084 1221 3131 1150
1236 3096 1266 3141 u,
1280 3095 1304 3131 0.
1319 3083 1393 3131 Tem.
1409 3096 1433 3133 1.

328 3332 444 3388 persons
463 3314 555 3370 whose
565 3330 631 3385 ages
646 3330 694 3369 are
709 3331 739 3369 as
754 3314 885 3369 different
898 3329 929 3369 as
944 3313 1025 3369 those
1039 3315 1073 3370 01
1083 3320 1197 3387 parents
1209 3314 1265 3369 and
1275 3313 1350 3370 their
1360 3313 1432 3369 chil-

328 3403 399 3458 dren
413 3401 524 3473 usually
534 3417 591 3456 are.

379 3496 396 3543 t
419 3488 470 3542 We
482 3503 531 3541 are
542 3486 639 3541 rather
651 3493 682 3542 10
697 3486 826 3542 consider
836 3485 969 3553 whether,
981 3486 1010 3541 in
1023 3502 1087 3542 rnen
1099 3491 1150 3541 not
1161 3485 1299 3557 deprared
1312 3486 1350 3557 by
1358 3486 1431 3541 adn·

326 3575 429 3638 cation,
443 3573 559 3628 thereis
573 3579 632 3637 not,
646 3571 756 3627 besides
771 3572 821 3627 the
835 3590 935 3628 reason
949 3574 1031 3644 giren
1045 3572 1083 3644 by
1101 3572 1151 3627 the
1169 3572 1398 3643 understanding,
1409 3590 1432 3628 a

326 3659 432 3715 certain
443 3659 544 3713 horror
554 3658 588 3712 of
598 3656 668 3712 such
678 3660 766 3712 union
776 3657 843 3711 rrith
855 3666 968 3730 parents
982 3658 1038 3713 aud
1050 3658 1194 3730 offspring,
1203 3658 1326 3729 residing
1337 3660 1367 3711 in
1378 3657 1430 3713 the

325 3744 470 3798 affectione
490 3743 672 3807 themselves3
694 3746 770 3798 since
789 3760 860 3797 eren
879 3760 957 3798 some
975 3744 1092 3798 animala
1109 3744 1181 3800 hare
1198 3743 1266 3799 such
1282 3760 1300 3798 a
1317 3743 1427 3799 horror.

326 3828 366 3882 So
383 3843 469 3897 many
488 3826 560 3881 hare
580 3827 717 3897 thought:
740 3827 897 3894 Arnobius3
919 3829 1054 3885 Aristotle
1073 3830 1106 3885 01
1124 3830 1174 3886 the
1192 3830 1291 3895 camel,
1308 3830 1366 3884 and
1379 3828 1430 3885 the

326 3911 461 3984 Scythian
475 3912 575 3975 homes
597 3911 725 3981 Oppiam
747 3913 855 3966 Seneca
868 3915 899 3967 in
913 3912 963 3969 the
977 3915 1157 3988 Hippolytus.

374 3996 457 4051 XIII.
496 4000 511 4049 1
541 3996 595 4051 We
618 4003 693 4051 must
714 4004 782 4051 next
803 3999 933 4054 consider
957 3999 1007 4055 the
1032 4003 1162 4073 question
1186 4002 1356 4073 concerning
1378 4000 1431 4057 tha

324 4084 440 4156 degrees
455 4083 489 4138 01
499 4082 614 4153 affinity‚
629 4082 685 4135 and
700 4082 750 4138 the
768 4082 885 4153 degrees
904 4084 937 4140 01
956 4089 1169 4162 consanguinity
1186 4090 1216 4142 in
1234 4105 1252 4143 a
1271 4093 1429 4143 tumueras

323 4172 397 4236 line;
414 4169 563 4242 especially
575 4170 655 4224 those
666 4168 755 4223 which
767 4186 816 4223 are
830 4171 972 4244 expressly
982 4174 1154 4239 mentioned,
1166 4175 1257 4229 Lerit.
1267 4174 1342 4229 xviii.
1371 4174 1431 4227 For

323 4256 432 4329 though
443 4274 485 4313 we
499 4256 600 4312 should
611 4261 694 4327 grant
706 4255 768 4310 that
782 4254 862 4311 these
874 4258 1019 4313 interdicte
1035 4260 1072 4313 do
1086 4265 1137 4314 not
1151 4259 1273 4332 proceed
1287 4260 1363 4315 from
1377 4258 1430 4314 the

323 4360 401 4401 merc
412 4346 479 4399 hau
491 4344 525 4399 01
534 4344 652 4408 Nature,
665 4347 714 4414 yet
727 4342 757 4395 in
771 4342 863 4398 rirtue
875 4344 908 4399 01
919 4343 969 4399 the
983 4344 1085 4400 Divina
1097 4352 1222 4418 precept,
1235 4345 1315 4401 these
1327 4346 1430 4400 unione

323 4446 389 4502 may
399 4446 464 4503 pass
475 4447 578 4502 among
591 4428 740 4485 forbidden
754 4427 858 4501 things.
888 4428 953 4485 And
967 4429 1029 4486 that
1043 4430 1093 4487 the
1107 4438 1224 4505 precept
1235 4432 1259 4487 is
1270 4448 1325 4487 one
1336 4429 1429 4490 srhicb
