3234 5125
328 355 372 421 86
518 364 572 425 AN
593 364 768 419 Bonosus
789 362 959 429 UNQUAM
980 362 1134 418 JUSTUM
1157 362 1226 416 SIT.
1315 357 1387 428 [lna
1401 360 1426 415 1.

327 529 408 594 Tum
425 548 499 593 roro
520 526 554 593 in
570 526 709 595 exercitu
730 549 786 594 suo
803 526 953 614 plurimos
972 525 1084 593 habuit
1101 524 1302 601 Christianos,
1319 531 1355 589 nt
1370 545 1428 589 nos

326 626 465 693 historie
490 627 612 705 docent,
638 636 671 693 et
691 628 800 693 labaro
821 626 939 693 Christi
963 648 1076 691 nomen
1100 623 1264 712 inscripsit
1317 625 1367 688 Ex
1389 645 1428 688 eo

327 725 422 793 etiam
437 734 589 794 mutatum
607 735 654 794 est
669 735 897 793 sacramentnm
912 724 1047 791 militare
1061 725 1094 790 in
1110 746 1179 791 eam
1196 724 1339 799 formam,
1357 744 1429 810 quse

205 850 223 889 r
328 833 432 892 exstat
451 827 535 912 apud
551 825 741 915 vegetium:
760 849 825 911 per
840 828 947 892 Deum
967 838 998 892 ct
1019 828 1188 893 otmarum
1206 837 1238 890 ct
1263 825 1428 910 θρίνακα

329 928 495 1003 Sanctum,
528 938 558 992 ct
578 949 641 1011 per
668 928 868 1011 majestatem
899 927 1124 1011 Imperatoris,
1154 947 1226 1011 quo
1253 925 1428 990 secundom

327 1026 435 1091 Deam
448 1028 559 1110 peracri
574 1028 715 1092 humano
732 1027 902 1111 diligendo
918 1038 965 1091 cat
981 1037 1012 1090 et
1028 1026 1172 1090 colendo.

404 1126 424 1189 b
457 1124 568 1211 Neque
584 1145 621 1189 eo
644 1132 784 1211 tempore
805 1146 845 1189 ex
866 1133 915 1190 tot
938 1123 1108 1210 Episcopis,
1133 1122 1217 1187 inter
1237 1143 1315 1207 quos
1338 1119 1428 1186 multi

326 1230 418 1289 erant
434 1222 598 1289 durissima
613 1244 745 1309 queque
760 1222 844 1311 passi
860 1244 918 1309 pro
933 1221 1094 1310 religione,
1113 1222 1162 1287 vel
1176 1242 1256 1287 unns
1270 1219 1368 1287 fuisse
1384 1219 1429 1285 le·

326 1322 422 1410 gitur,
448 1322 501 1407 qui
525 1330 581 1388 ant
606 1322 842 1388 Constantinum
867 1323 910 1388 ab
934 1321 1074 1387 omnibus
1098 1320 1222 1386 omnino
1243 1319 1429 1405 capitalibus

328 1420 483 1507 suppliciis
504 1428 537 1487 et
553 1420 644 1499 bello,
661 1429 717 1487 aut
738 1419 931 1487 Christianos
946 1442 968 1486 a
981 1420 1090 1485 militia
1104 1418 1219 1504 injecto
1235 1418 1348 1484 dirinoe
1367 1416 1428 1481 irre

326 1529 412 1585 metu
427 1520 641 1598 absterruerit,
657 1542 727 1586 cum
743 1528 848 1586 tamen
864 1519 989 1606 plurimi
1005 1527 1108 1585 essent
1123 1517 1267 1584 acerrimi
1284 1516 1428 1583 custodes

327 1618 504 1705 disciplina,
521 1628 554 1685 et
565 1618 690 1686 minime
702 1619 929 1685 dissimulantes
940 1640 1058 1695 eorum,
1075 1639 1147 1706 quse
1159 1617 1201 1682 ad
1213 1616 1344 1682 officium
1360 1623 1428 1681 tum

328 1718 567 1804 Imperatorum,
593 1726 660 1785 tum
684 1718 815 1786 aliorum
837 1718 1050 1805 pertinerent:
1078 1716 1177 1803 qualis
1201 1725 1235 1782 et
1259 1714 1428 1781 Theodosii

263 1834 274 1864 ¹
329 1823 471 1904 tempore
491 1817 551 1883 fuit
573 1816 763 1895 Ambrosius,
787 1817 842 1904 qni
859 1818 1010 1883 Sermone
1020 1838 1076 1882 rsr.
1097 1817 1143 1882 ita
1158 1815 1221 1882 ait:
1247 1819 1325 1883 Nou
1342 1816 1428 1879 mili-

163 1871 218 1959 Ἢ
231 1928 246 1955 ¹¹
265 1944 272 1955 ·
331 1929 403 1983 tore
419 1919 572 1984 delictam
587 1930 643 1994 est,
659 1920 857 2003 sedproptcr
863 1919 1016 2003 prodam
1029 1918 1352 2003 militoropocootom
1364 1927 1428 1981 cet:

330 2024 362 2083 ct
382 2019 422 2083 do
444 2019 586 2103 Officiis:
611 2019 798 2093 Fortitudo,
822 2039 894 2102 qsso
913 2017 965 2081 oct
988 2017 1069 2083 bello
1094 2028 1201 2082 tactor
1226 2038 1250 2080 o
1275 2016 1428 2080 barbaris

323 2117 487 2202 putrium,
504 2117 556 2181 oct
571 2117 660 2180 domi
676 2118 820 2199 dofersds't
836 2118 990 2199 infimus,
1007 2117 1059 2180 vol
1073 2138 1098 2180 o
1114 2116 1297 2181 totrooiboe
1315 2116 1427 2189 aocioa

326 2288 369 2334 ὅτι
388 2288 421 2333 τὸ
441 2288 529 2335 νοσοῦν
547 2286 623 2347 μέλος
637 2285 797 2333 sesemen
812 2289 854 2332 καὶ
902 2285 941 2345 gis
950 2289 1048 2345 questos
1056 2286 1141 2333 Dsnos
1150 2287 1215 2347 spud
1226 2287 1343 2334 saxonem
1352 2287 1429 2334 histo·

326 2361 446 2419 osmds,
464 2362 504 2407 lvo
524 2360 558 2421 posi
576 2360 619 2407 stol
639 2364 694 2407 *ruis
715 2361 855 2421 ὑγιαίνουσι
902 2360 1102 2408 rieuminvenias
1124 2360 1188 2421 [lib.
1200 2374 1238 2408 11.
1248 2375 1273 2421 p.
1284 2358 1350 2421 1941.

325 2436 485 2497 λυμανεῖται,
499 2437 526 2482 οὐ
541 2434 586 2496 μέν
600 2452 644 2482 τοι
658 2436 691 2481 τὸ
704 2435 799 2495 ὑγιείας
808 2434 853 2491 ἤδη
947 2443 959 2469 ⁰
973 2435 1192 2497 SaeprEps'scopos]
1204 2437 1368 2497 Augustinus:
1378 2435 1431 2498 [ep.

325 2511 407 2571 τυχὸν
423 2510 437 2566 sl
453 2510 495 2557 rot
516 2508 687 2571 ὖγιαζόμεθον.
718 2508 854 2557 Clemostem
902 2512 955 2559 lta
964 2512 1032 2573 vulg.
1045 2510 1096 2572 641.
1123 2511 1232 2576 officim
1247 2511 1430 2559 Sacerdotium

325 2586 492 2634 neocodctot
502 2588 540 2644 iis,
556 2586 598 2648 qui
609 2600 712 2646 pronora
726 2586 799 2632 uitoss
811 2585 853 2633 dc·
903 2587 1043 2634 Manain
1055 2601 1103 2648 pro
1117 2587 1173 2634 reis.
1202 2587 1234 2634 In
1248 2585 1300 2647 ejus
1319 2587 1429 2647 epistolis

326 2666 455 2719 mucuns,
477 2661 542 2722 quod
562 2661 650 2708 dicem
674 2660 855 2708 abscindamu-
902 2661 981 2707 mults
999 2667 1057 2708 sunt
1073 2662 1144 2722 hnjns
1159 2662 1274 2709 bonitatis
1289 2663 1428 2723 specimms.

325 2737 450 2784 mendosos
459 2743 611 2798 agrotomoc
616 2737 854 2798 putridissimum
904 2735 1008 2796 [Contcr
1037 2737 1091 2784 boio
1113 2751 1167 2796 qne
1191 2738 1265 2784 lrsbet
1288 2737 1427 2784 Bmunrn.

326 2813 435 2874 cootoqs'o
456 2816 598 2872 compat,
617 2825 663 2858 noa
683 2811 711 2856 id
729 2811 793 2873 quod
811 2815 854 2858 out
903 2812 1061 2870 Foarsnrns,
1091 2812 1152 2862 Rer.
1185 2812 1280 2874 Qsctid
1309 2812 1363 2860 Lib.
1391 2825 1433 2875 rs,

326 2887 494 2946 sonatumjom
508 2887 591 2934 situm
605 2891 720 2932 smssrot.
751 2886 814 2933 Vide
828 2891 854 2934 ot
902 2900 955 2946 cap.
965 2884 1002 2946 71.

326 2962 465 3019 Eusebium,
493 2962 535 3022 [ds
556 2959 852 3018 trecentissimo.
947 2959 1102 3022 'thos‘nd
1112 2960 1247 3008 necatos
1257 2959 1427 3022 confugium]

327 3049 363 3084 rr.
375 3051 427 3097 oap.
438 3036 491 3097 31].
509 3036 694 3083 Sicutdeuimts
702 3035 855 3082 eonsuntini
903 3035 966 3083 Vide
987 3036 1183 3097 chrysostomum
1203 3037 1305 3083 1v1.ds
1328 3036 1429 3085 Stotsois.

326 3110 427 3158 leuitate
437 3111 593 3167 Christianos,
603 3109 639 3154 its
651 3109 681 3154 de
693 3109 793 3156 Hersldi
805 3110 854 3156 Be·
902 3109 957 3169 [ran
963 3110 997 3156 ibi
1006 3111 1038 3156 sd
1047 3124 1106 3158 rem.
1113 3111 1199 3158 Voluit
1204 3113 1268 3159 torte
1273 3113 1352 3159 dicare
1359 3111 1430 3158 Orot.

326 3339 370 3390 us,
381 3323 438 3378 and
451 3324 592 3380 inscribed
605 3324 649 3380 his
662 3325 771 3380 bunnar
782 3325 849 3380 with
860 3325 910 3382 the
921 3343 1004 3381 name
1015 3325 1051 3380 of
1059 3325 1160 3380 Christ
1186 3325 1273 3380 From
1283 3324 1348 3380 that
1361 3327 1431 3382 time

328 3411 386 3465 also
402 3409 451 3466 the
465 3411 588 3482 military
603 3410 671 3468 ooth
689 3428 744 3466 was
764 3410 892 3483 changed
909 3413 970 3468 into
984 3411 1035 3466 the
1051 3411 1134 3475 form,
1148 3409 1273 3465 whichis
1287 3417 1384 3466 extant
1399 3413 1432 3468 in

328 3497 472 3566 Vegetins,
492 3497 538 3567 By
559 3497 629 3561 God,
644 3498 702 3551 oud
714 3496 810 3561 Cis-ist,
824 3498 882 3551 oud
895 3500 936 3553 tte
950 3498 1025 3568 Hotg
1041 3496 1133 3560 Closs,
1147 3497 1206 3550 ood
1219 3499 1253 3567 by
1264 3498 1306 3550 stc
1319 3497 1432 3569 osojesty

327 3582 730 3652 ofttcEmpcror,wlsiclsooct
745 3590 771 3635 to
784 3582 1187 3639 Godistobcroocrcrsocdood
1200 3583 1431 3654 totousdbymors-

381 3757 398 3803 5
419 3751 575 3816 Moreorcr,
587 3756 637 3805 out
648 3751 681 3806 ot
692 3768 723 3806 so
735 3769 820 3824 many
834 3753 949 3825 bishops
961 3754 1023 3810 who
1033 3753 1091 3809 had
1102 3753 1208 3810 braved
1219 3754 1269 3810 the
1279 3760 1432 3810 extremest

327 3835 473 3905 sufferings
493 3836 540 3891 ior
561 3836 688 3907 religion,
702 3836 783 3892 there
802 3855 858 3894 was
872 3845 923 3895 not
940 3845 970 3894 at
987 3839 1052 3894 thet
1065 3842 1134 3894 time
1153 3840 1274 3911 asingle
1290 3857 1353 3905 one,
1368 3839 1432 3896 who

327 3919 400 3976 tried
426 3926 457 3975 to
479 3937 557 3976 scere
581 3922 765 3978 Constantine
787 3924 864 3980 t'rom
889 3926 993 3996 capitol
1014 3925 1209 3997 punishments
1235 3927 1293 3982 and
1316 3943 1381 3990 var,
1398 3941 1432 3982 or

328 4005 482 4061 Christiana
496 4007 571 4062 from
586 4008 708 4080 military
722 4011 837 4077 service,
850 4011 889 4082 by
902 4010 952 4067 the
966 4018 1098 4082 prospect
1112 4010 1146 4066 oi
1156 4011 1206 4067 the
1220 4012 1314 4067 dirine
1327 4027 1430 4082 anger:

326 4090 434 4162 though
457 4108 541 4165 many
562 4093 596 4148 of
614 4093 690 4150 them
713 4111 786 4151 were
812 4103 886 4153 most
907 4103 1055 4153 strenuons
1076 4097 1227 4168 guardiam
1248 4098 1283 4152 ot
1299 4097 1432 4168 religioso

327 4177 482 4249 discipline,
496 4179 552 4233 and
566 4186 617 4235 not
631 4185 661 4234 at
675 4179 715 4235 all
725 4181 809 4252 given
823 4187 854 4238 to
867 4199 932 4255 psas
947 4199 1014 4238 orer
1027 4183 1103 4238 what
1117 4182 1275 4238 oonoerned
1288 4182 1339 4238 the
1353 4182 1435 4253 duty,

326 4265 418 4320 either
431 4264 464 4319 ot
471 4263 521 4321 the
535 4266 681 4337 Emperor,
693 4282 726 4321 or
740 4267 774 4323 of
784 4268 896 4323 others:
915 4268 985 4324 such
999 4285 1030 4323 as
1042 4285 1099 4324 was
1110 4267 1249 4324 Ambrose
1260 4269 1290 4322 in
1301 4268 1352 4323 tho
1363 4268 1433 4322 timo

326 4350 359 4405 of
370 4351 552 4415 Theodosius,
573 4352 635 4406 who
653 4353 682 4407 in
701 4351 745 4408 his
763 4353 881 4409 scronth
896 4354 1016 4409 Sermon
1033 4370 1111 4425 says:
1139 4354 1208 4408 Itis
1226 4363 1272 4408 ssot
1289 4354 1434 4422 soldier-isso

325 4437 409 4492 wtict
430 4438 452 4492 ts
473 4457 492 4491 o
513 4439 565 4504 sits,
583 4440 629 4494 bot
648 4439 792 4511 soldieriog
805 4442 861 4511 sor
877 4439 1014 4511 ptuodcr:
1042 4439 1099 4494 and
1121 4439 1153 4493 in
1170 4438 1215 4494 hia
1235 4439 1351 4495 Dotion.-
1380 4438 1434 4491 rto

325 4537 438 4594 couroye
451 4525 536 4580 wtict
551 4525 659 4600 dssosds
670 4543 721 4581 oar
732 4536 846 4597 country
855 4527 937 4600 froin
954 4526 1116 4581 borborioos
1130 4527 1243 4591 obrood,
1258 4543 1292 4581 or
1303 4525 1344 4580 thr
1359 4524 1434 4595 totp-
