3234 5125
154 348 221 403 Car.
234 344 313 418 Vll]
441 350 532 416 QUAE
553 350 617 407 Fl'l'
638 351 715 407 PER
737 351 880 418 LEGEM,
901 352 985 409 ΕΤΟ.
1193 345 1256 413 369

156 518 308 583 tementis
325 517 443 582 babent
453 516 657 601 propinqui:
682 528 712 582 ot
728 519 789 594 ita,
806 521 839 583 ei
852 521 1025 586 intestatus
1040 522 1116 606 quie
1132 541 1173 585 ao
1189 522 1258 587 eine

157 617 268 683 liberis
285 616 461 682 deessset.
507 613 585 679 Noe
609 617 764 700 quoniam
788 620 901 705 utique
917 620 1045 702 jonium
1066 622 1120 698 eit,
1138 621 1186 685 ad
1201 622 1259 687 boe

150 717 321 801 pervenire
347 715 430 780 bona
453 715 698 799 destructorum:
724 717 781 781 sed
805 719 959 802 quoniam
984 719 1102 784 relicta
1127 731 1157 786 et
1173 721 1260 786 velat

156 816 194 880 ie
220 816 325 881 teredio
346 815 461 901 posita
487 813 572 878 nulii
592 817 733 899 propius
752 816 906 881 uidentur
925 819 1113 903 contingere
1167 818 1260 898 Quod
1336 827 1340 837 “

156 912 198 978 de
231 912 319 979 bonis
349 912 472 980 noviter
495 911 632 998 quoesitis
658 911 801 991 diximus,
832 935 871 980 ea
898 916 1083 983 naturaliter
1111 917 1261 1005 proximis

157 1012 284 1090 deferri,
302 1012 385 1079 idem
401 1013 502 1078 loeum
518 1009 647 1078 babebit
668 1012 700 1077 in
722 1011 812 1078 bonis
828 1013 967 1100 paternis
982 1015 1144 1103 avitisque,
1162 1017 1261 1084 sinee

156 1111 217 1200 ipsi
233 1133 253 1178 e
269 1111 381 1199 quibus
397 1119 560 1188 venerunt,
578 1133 636 1178 nee
652 1133 760 1179 eorum
775 1111 867 1179 liberi
882 1121 1017 1193 exstent,
1032 1114 1078 1182 ite
1094 1124 1132 1183 nt
1147 1115 1260 1206 gratiae

157 1210 268 1278 relatio
284 1212 384 1278 loeum
400 1234 463 1278 non
479 1209 626 1279 inveniat.

234 1311 293 1376 XI.
337 1313 357 1376 1
392 1313 473 1378 Hoeo
488 1332 564 1377 vero
586 1333 657 1399 quoe
678 1309 812 1378 diximus
835 1334 1022 1401 quamquam
1037 1313 1175 1383 naturali
1190 1337 1262 1381 oon·

155 1409 287 1498 jeeturae
319 1411 453 1476 maxime
487 1419 560 1477 suut
597 1419 815 1489 consentanea,
849 1434 913 1479 non
945 1423 1018 1481 sunt
1050 1415 1158 1481 tamen
1188 1413 1262 1502 jure

158 1518 282 1576 naturae
297 1509 489 1587 neeessaria3
512 1531 550 1576 ee
575 1509 706 1596 proinde
730 1532 772 1575 ex
797 1509 929 1577 disemis
952 1513 1053 1578 eaesis
1068 1514 1262 1582 voluntatem

158 1609 327 1676 humanam
342 1608 546 1689 moventibus,
566 1608 680 1675 variari
702 1607 812 1687 solent,
830 1609 940 1697 poetis,
956 1609 1088 1700 legibus,
1106 1613 1262 1681 moribus:

159 1707 213 1795 qui
230 1707 413 1776 subitionem
430 1708 463 1774 in
480 1707 581 1774 looum
604 1708 636 1773 in
661 1707 816 1774 nonnullis
839 1709 991 1798 gradibus
1011 1711 1191 1788 admittunt,
1208 1712 1263 1778 ‘in

159 1807 228 1874 aliis
253 1829 316 1874 non
344 1807 534 1886 admittunt;
560 1807 635 1873 alibi
666 1805 873 1896 distinguunt,
899 1808 983 1874 unde
1012 1810 1095 1876 bona
1124 1810 1261 1887 veniant,

159 1906 233 1974 alibi
249 1907 281 1973 id
297 1907 424 1995 insuper
439 1907 567 1973 habent
617 1907 676 1972 Est
696 1905 749 1973 ubi
770 1905 969 1996 primogeniti
993 1907 1063 1995 plus
1078 1909 1264 1998 postgenitis

159 2006 274 2084 ierunt,
299 2016 336 2074 ut
360 2007 445 2094 apud
470 2006 641 2072 Hebraeos=
667 2013 716 2071 est
739 2004 794 2071 ubi
819 2005 903 2072 inter
922 2027 956 2072 se
981 2016 1156 2093 sequantur.
1202 2007 1264 2076 Est
1379 2059 1382 2064 -

159 2105 214 2171 ubi
238 2114 424 2195 agnatorum
449 2106 583 2171 habetur
605 2103 706 2180 ratio;
735 2112 783 2170 est
806 2104 862 2170 ubi
886 2105 1011 2194 cognati
1037 2105 1168 2193 quilibet
1193 2129 1264 2173 oum

160 2205 284 2295 agnatis
309 2204 492 2272 tantundem
517 2203 632 2270 ierunt.
678 2201 783 2268 Etiam
813 2225 907 2270 sexes
936 2204 1048 2270 alieubi
1074 2213 1263 2271 momentum

160 2305 265 2386 habet,
290 2303 403 2371 alieubi
426 2326 489 2370 non
514 2293 626 2369 hebete
652 2311 685 2369 et
709 2295 783 2367 dibi
807 2302 1000 2391 oognationis
1021 2302 1103 2371 rstio
1128 2304 1264 2371 habetur

160 2403 245 2470 intra
260 2403 421 2492 propiores
436 2402 574 2492 gredus:
601 2400 676 2467 alibi
690 2399 813 2490 longius
830 2401 1030 2469 extenditur:
1047 2425 1118 2489 quse
1135 2402 1263 2494 longum

160 2512 243 2571 esset
259 2501 396 2590 exsequi,
413 2524 470 2569 noe
486 2500 618 2569 instituti
635 2500 744 2567 nostri.

237 2605 257 2668 2
293 2601 376 2670 Illud
398 2612 504 2669 tamen
526 2601 694 2668 tenendum
717 2610 774 2679 est,
800 2601 922 2688 quoties
947 2601 1117 2669 voluntatis
1137 2624 1264 2691 expres·

159 2760 223 2823 eius]
238 2762 276 2809 Ex
288 2761 359 2808 Esaia
375 2762 480 2807 sumtum
491 2759 548 2805 lviii.
560 2759 583 2807 7.
614 2756 686 2805 Paris
736 2756 957 2804 mens-neeesse
970 2763 1052 2817 partes
1068 2758 1144 2814 Otho,
1164 2757 1264 2806 Henriol

161 2836 235 2884 habes
244 2836 309 2896 apud
320 2833 515 2895 chrysostomum
530 2833 543 2876 1
555 2830 611 2877 Cor.
619 2829 652 2890 iv.
662 2832 685 2876 7.
736 2830 814 2877 tilius:
824 2835 886 2877 teste
894 2832 1051 2879 Withekindo
1062 2832 1116 2879 Lib.
1127 2846 1157 2880 11.
1167 2834 1222 2880 vide
1230 2834 1265 2881 le.

161 2917 187 2959 et
195 2911 261 2971 apud
268 2908 432 2969 Augustinum
438 2904 593 2953 deDoetriea
602 2902 685 2951 Chris·
736 2920 787 2967 yesi
795 2905 1006 2967 Lmsyodardiems
1015 2908 1070 2958 Lib.
1080 2922 1111 2956 ss.
1119 2910 1160 2957 tit.
1168 2910 1216 2957 siv.
1226 2912 1263 2960 18.

159 2986 230 3033 dana
238 2984 401 3031 Lisxsxu.
737 2982 1014 3042 Sootieumquoquejns
1028 2988 1099 3031 retus
1109 2986 1184 3031 solam
1194 2999 1264 3045 speo-

205 3059 263 3105 rIs
282 3056 340 3104 aliis
358 3070 404 3101 esen
420 3051 558 3114 admiusntl
583 3053 686 3101 Veteres
736 3057 804 3103 tubat
813 3057 905 3117 gradus
915 3057 1104 3117 proximitatem.
1125 3059 1265 3107 VidePon.

162 3135 338 3183 Germanorum
353 3143 432 3176 morse
443 3130 603 3176 subditionem
615 3128 686 3175 istam
737 3134 819 3178 tanum
829 3131 980 3179 noem
988 3133 1099 3195 septimo,
1108 3133 1241 3180 nbinsrrst
1249 3148 1265 3181 s

160 3210 211 3256 sive
219 3205 453 3267 representationem
463 3203 606 3263 ignorarunt
614 3204 685 3249 etism
736 3220 795 3266 rege
804 3206 904 3268 Angilse
914 3208 1006 3254 srhltro
1014 3214 1095 3256 sumto
1109 3209 1145 3256 ita
1157 3222 1264 3270 pronun-

161 3282 336 3333 mensuetus:
353 3278 487 3326 inueouxit
502 3278 593 3338 primus
607 3278 633 3324 sd
645 3278 686 3338 ju
737 3281 833 3329 ustum.
861 3281 1010 3343 (Pteme).

160 3361 186 3407 in
206 3356 331 3405 Frondem
355 3354 523 3402 childebertus
542 3354 635 3401 edioto:
660 3353 686 3399 in

160 3554 279 3614 suoceed
294 3556 324 3611 in
338 3554 388 3611 the
401 3554 482 3629 plaoe
500 3552 533 3610 of
546 3552 682 3621 onother;
699 3554 730 3608 in
744 3552 827 3610 other
840 3568 926 3619 omes,
940 3552 978 3609 do
994 3559 1046 3610 not
1058 3555 1163 3627 permit
1177 3554 1201 3610 it
1209 3574 1218 3622 ς
1233 3554 1264 3609 in

161 3643 266 3708 others,
284 3642 367 3698 mehe
385 3659 403 3698 e
420 3641 582 3697 distinction
600 3656 631 3695 es
649 3645 679 3696 to
696 3638 790 3695 whom
807 3637 858 3695 the
877 3645 1012 3713 property
1029 3657 1109 3696 eeme
1122 3641 1212 3706 from3
1233 3640 1265 3695 in

160 3730 265 3795 others,
279 3728 424 3801 disregnrd
441 3726 505 3783 this.
542 3726 577 3781 In
594 3742 673 3782 some
693 3742 770 3781 meos
784 3724 834 3781 the
850 3726 998 3781 tirsi-born
1014 3727 1081 3782 teke
1098 3742 1177 3782 more
1194 3726 1265 3781 than

160 3815 242 3871 those
260 3815 332 3871 born
348 3815 430 3881 later,
447 3829 478 3868 es
499 3828 603 3884 smong
622 3812 672 3867 the
690 3812 841 3877 Hebrewsy
860 3812 892 3865 in
909 3812 1013 3878 others,
1031 3811 1081 3867 the
1098 3812 1195 3868 shares
1215 3828 1265 3868 are

161 3900 254 3971 eqnal.
299 3901 335 3955 In
354 3917 432 3956 some
452 3915 529 3955 esses
548 3898 598 3954 the
616 3898 732 3953 fsthes's
751 3898 882 3953 relatives
896 3898 963 3970 only
982 3914 1032 3953 are
1052 3896 1213 3963 reekoned3
1233 3898 1265 3953 in

162 3984 267 4048 others,
281 3985 330 4041 the
344 3985 477 4042 mothes's
490 3984 621 4041 relatives
632 3984 714 4043 shere
728 3984 842 4055 equally
855 3983 923 4039 with
934 3983 984 4039 the
995 3983 1120 4039 fathers.
1165 3983 1266 4039 Some-

162 4069 245 4125 times
258 4068 370 4126 theses
385 4070 437 4125 has
449 4072 485 4126 its
499 4071 591 4137 effeel,
607 4072 768 4126 sometimes
786 4070 810 4125 it
823 4068 873 4124 has
884 4075 951 4136 not3
968 4071 1130 4126 sometimes
1143 4074 1264 4125 aeeount

162 4153 255 4209 ishad
271 4153 304 4209 οἰ
312 4156 460 4226 eegnetion
471 4154 567 4211 within
588 4156 637 4211 the
653 4172 754 4211 nearer
764 4154 889 4227 degrees,
904 4155 934 4209 in
951 4156 1034 4210 other
1045 4170 1122 4210 oeses
1138 4155 1198 4209 itis
1216 4170 1264 4209 es-

162 4239 269 4295 tended
285 4239 405 4295 further.
451 4241 479 4294 lt
496 4241 589 4296 would
606 4242 642 4297 be
658 4241 770 4297 tedious
785 4240 843 4296 and
856 4241 967 4312 foreign
984 4247 1015 4295 to
1029 4256 1083 4294 our
1093 4255 1215 4311 purpose
1233 4244 1265 4293 to

161 4324 257 4380 follow
267 4324 347 4381 these
361 4325 534 4381 differenees.

219 4416 237 4464 2
261 4409 329 4466 This
343 4412 405 4467 sule
421 4426 464 4467 ve
478 4416 554 4466 must
569 4409 639 4467 hold
652 4413 707 4486 by:
726 4412 790 4468 that
803 4411 887 4468 when
904 4411 985 4468 there
999 4426 1048 4467 ere
1064 4426 1104 4465 no
1120 4426 1200 4467 mere
1217 4426 1266 4465 ex·

161 4512 240 4570 prees
251 4496 418 4554 indioetions
433 4496 466 4552 oi
476 4496 542 4563 will,
557 4498 582 4554 it
594 4506 669 4554 must
680 4499 716 4555 be
728 4499 869 4572 supposed
880 4498 944 4553 tbst
958 4514 1042 4570 every
1052 4512 1108 4551 one
1121 4494 1266 4645 {inpendet

262 4627 397 4718 [eoo
