3234 5125
343 344 386 409 26
638 352 734 419 QUID
758 353 927 425 BELLUM,
950 352 1047 420 QUID
1071 353 1150 421 JUS.
1332 355 1441 428 [Iuni

341 521 463 581 tantum
480 512 556 580 sads
574 512 735 579 obscuram
752 511 786 578 in
807 512 870 579 Dei
888 511 1030 580 bonitate
1053 512 1187 601 positam
1209 512 1328 581 habere
1353 524 1442 602 pote·

340 634 458 691 ramus,
482 634 564 679 nunc
579 612 695 679 diserto
718 612 836 678 soedere
858 612 1031 691 fulciamur,
1054 622 1152 699 utque
1168 612 1202 678 in
1224 635 1317 679 unam
1334 615 1440 683 Eccle-

340 712 417 778 siam
442 712 613 779 coalescere
634 710 786 800 possimus
807 734 877 778 cum
901 707 1050 780 Hehraeis
1073 712 1143 777 fillis
1174 713 1438 792 Patriarcharnm,

341 811 465 879 sublata
498 812 635 901 ipsorum
671 810 752 899 lege,
789 832 853 898 quo
887 812 975 878 velut
1010 811 1265 899 intersepimento
1297 834 1320 879 a
1350 815 1439 881 nobis

339 911 576 979 distinebantur.
627 912 744 997 Ephes.
761 910 794 977 ii.
813 914 867 978 14.
1355 984 1358 989 ,

420 1012 528 1079 XVII.
563 1013 582 1076 1
630 1011 710 1076 Cum
743 1030 821 1101 ergo
854 1008 1005 1077 directam
1039 1011 1262 1100 obligationem
1294 1013 1346 1078 lex
1379 1035 1438 1101 per

339 1112 463 1177 Mosam
483 1111 560 1178 data
574 1109 607 1177 in
628 1132 685 1176 nos
706 1109 856 1176 inducere
877 1132 940 1175 non
962 1111 1069 1197 possit,
1092 1122 1129 1177 ut
1148 1111 1216 1199 jam
1238 1113 1438 1191 ostendimus,

339 1211 499 1277 rideamus
527 1232 655 1297 ecquem
684 1209 778 1275 alium
803 1231 894 1275 nsum
918 1210 1037 1276 habere
1061 1212 1168 1298 possit,
1191 1220 1259 1277 tum
1274 1211 1308 1277 in
1322 1213 1381 1278 hac
1397 1212 1439 1279 de

335 1309 409 1396 jure
430 1310 513 1387 belli,
539 1319 606 1377 tum
622 1310 656 1376 in
671 1309 822 1377 similibus
837 1309 907 1375 aliis
923 1306 1153 1396 quaestionibus.
1205 1311 1245 1379 Id
1261 1311 1344 1377 enim
1359 1311 1439 1378 seire

338 1410 382 1475 ad
397 1412 497 1477 multa
511 1411 620 1477 refert.

339 1548 342 1553 ·
412 1512 433 1575 2
468 1510 607 1575 Primum
636 1530 714 1597 ergo
740 1508 877 1576 ostendit
903 1506 955 1573 lex
980 1509 1131 1590 Hehroea,
1156 1509 1191 1575 id
1213 1510 1298 1596 quod
1312 1532 1351 1576 ea
1364 1508 1438 1599 lege

337 1609 517 1697 praecipitur
533 1631 596 1675 non
612 1628 680 1675 esse
697 1617 806 1675 contra
818 1607 872 1695 jus
886 1616 1018 1675 naturae.
1043 1608 1131 1675 Nam
1153 1632 1224 1675 cum
1235 1608 1289 1696 jus
1303 1617 1436 1688 natura,

338 1718 373 1775 nt
387 1719 462 1776 ante
478 1708 623 1787 diximus,
649 1707 690 1775 sit
706 1717 892 1796 perpetuum
908 1717 1003 1796 atque
1018 1707 1220 1785 immutabile,
1247 1731 1310 1775 non
1334 1710 1439 1796 potuit

337 1830 358 1873 a
374 1809 453 1886 Deo,
479 1808 534 1896 qui
558 1808 690 1895 injustus
712 1828 871 1893 nunquam
891 1816 947 1885 est,
977 1807 1140 1894 quicquam
1165 1809 1315 1875 adeamus
1330 1809 1364 1876 id
1383 1808 1437 1896 jus

339 1908 475 1995 praecipi.
526 1909 619 1974 Adde
635 1906 719 1994 quod
734 1906 786 1971 lex
802 1906 901 1972 Mosis
917 1917 1046 1974 vocatur
1067 1908 1266 1974 immaculata
1285 1916 1319 1974 et
1338 1917 1435 1986 recta,

337 2007 451 2075 Psalm.
466 2007 533 2073 xix.
543 2006 596 2095 qui
612 2006 732 2073 Latinis
748 2006 833 2073 xviii
849 2008 879 2071 8.
899 2013 933 2072 et
942 2006 1092 2093 Apostolo
1104 2007 1205 2073 Paulo
1213 2017 1331 2085 sanem,
1337 2008 1435 2094 justa,

336 2102 420 2171 hona
444 2108 536 2173 Rom.
553 2106 606 2174 rii.
626 2109 678 2172 12.
1347 2154 1352 2161 .

408 2206 459 2270 De
476 2203 640 2292 preceptis
655 2204 786 2290 loquor:
809 2224 884 2269 nam
900 2204 942 2271 de
964 2203 1120 2292 permissis
1144 2205 1319 2275 distinctius
1339 2228 1438 2297 agen·

335 2301 410 2367 dum
426 2312 485 2369 est.
522 2300 687 2367 Permissio
712 2302 795 2367 enim
822 2325 892 2388 quae
915 2305 987 2393 lege
1011 2303 1048 2369 lit
1067 2305 1152 2387 (nam
1179 2328 1249 2391 quae
1278 2306 1355 2371 nudi
1387 2314 1436 2373 ost

334 2400 418 2480 facti,
436 2410 469 2467 et
484 2399 697 2489 impedimenti
716 2400 921 2467 remotionem
943 2403 1105 2491 significat,
1131 2405 1193 2470 huc
1207 2426 1270 2469 non
1287 2406 1435 2493 pertinet)

334 2508 391 2568 aut
406 2499 498 2590 plena
514 2506 572 2579 est,
589 2520 659 2587 quae
671 2498 724 2588 jus
741 2500 796 2567 dat
813 2500 857 2568 ad
874 2501 993 2590 aliquid
1016 2502 1139 2570 omnino
1161 2503 1244 2571 licite
1258 2506 1436 2595 agendum

377 2674 861 2736 ¹²Depcrteriori90aercala'tcrreres
954 2680 1437 2742 clamatammemplru

334 2749 416 2811 habnt]
436 2751 501 2797 Vide
521 2750 717 2810 chrysostomum
737 2750 769 2796 ad
788 2750 861 2797 finem
910 2753 1258 2816 consumpseram]
1274 2755 1437 2804 Tertullinus

333 2839 381 2874 ιιι.
396 2826 567 2874 annonam.
584 2825 853 2887 [Tomw1.psg.103].
911 2824 940 2871 de
954 2825 1096 2874 Meuia:
1113 2825 1225 2872 Libanus
1238 2826 1265 2872 ia
1280 2825 1376 2874 Christo
1390 2841 1437 2874 noa

332 3091 375 3130 wc
387 3075 471 3129 could
482 3073 550 3148 only
560 3072 633 3129 have
645 3091 682 3129 an
696 3073 815 3130 obscure
828 3073 904 3145 hope
917 3072 1044 3129 founded
1058 3089 1096 3128 on
1107 3072 1158 3127 the
1168 3071 1305 3144 goodness
1320 3071 1353 3126 of
1361 3071 1435 3139 (iod,

332 3177 375 3214 we
386 3177 449 3214 now
462 3159 535 3214 hare
549 3176 567 3214 a
579 3160 732 3226 Coronant,
748 3161 804 3214 and
818 3177 883 3231 may
898 3159 934 3213 be
947 3159 1084 3230 gethered
1099 3159 1159 3213 into
1171 3175 1226 3213 one
1241 3157 1353 3214 Ohureh
1366 3159 1434 3214 wtth

333 3245 383 3301 the
396 3245 582 3301 descendants
596 3245 630 3300 οι
640 3246 689 3301 tho
704 3246 875 3310 Patriarchs,
892 3244 941 3299 the
955 3245 1022 3298 Law
1035 3244 1121 3315 being
1139 3244 1226 3300 taken
1240 3261 1325 3318 away,
1343 3245 1434 3302 which

331 3349 387 3388 was
402 3331 451 3390 the
463 3332 675 3405 partition-wall
689 3332 817 3387 between
828 3348 877 3396 us;
894 3329 967 3400 Eph.
982 3329 1011 3382 ii.
1027 3335 1068 3381 14.

388 3419 484 3474 XVII.
522 3425 536 3472 1
561 3419 645 3474 Since
660 3419 729 3473 then
742 3417 792 3472 the
805 3418 859 3472 law
873 3415 906 3471 of
916 3416 1011 3470 Moses
1032 3418 1136 3468 cannot
1149 3414 1258 3486 impose
1271 3432 1328 3488 any
1341 3417 1432 3473 direct

330 3502 485 3573 obligatiou
496 3519 573 3575 upon
585 3521 627 3568 us,
637 3505 679 3557 let
690 3519 722 3558 us
734 3519 781 3558 see
794 3502 820 3554 if
828 3503 851 3556 it
862 3518 915 3556 can
929 3500 966 3555 he
977 3500 1011 3555 of
1018 3516 1075 3570 any
1085 3497 1168 3553 other
1182 3517 1232 3554 use
1243 3501 1273 3554 in
1288 3504 1432 3573 questions

329 3589 363 3642 of
372 3587 421 3641 the
433 3587 534 3658 Rights
547 3588 580 3642 oi
588 3589 664 3650 War,
675 3586 732 3640 aud
743 3585 793 3640 the
804 3587 870 3641 like.

387 3677 404 3724 2
434 3669 478 3737 (l)
501 3673 534 3724 In
549 3671 599 3724 the
610 3673 671 3724 first
682 3670 771 3740 place,
786 3670 836 3724 the
846 3669 951 3725 Jewish
963 3670 1030 3722 Law
1043 3668 1132 3724 shows
1146 3667 1209 3724 that
1227 3669 1301 3724 what
1314 3671 1339 3725 is
1353 3687 1430 3725 com·

328 3755 451 3808 manded
462 3756 500 3825 by
511 3755 573 3809 that
584 3754 637 3808 law
648 3756 671 3808 is
683 3761 734 3808 not
745 3760 877 3825 contrary
885 3760 915 3807 to
927 3753 1047 3807 Natural
1058 3754 1133 3806 Law.
1162 3753 1220 3808 For
1230 3754 1351 3807 Natural
1362 3755 1429 3809 Law

328 3839 421 3908 being,
438 3855 469 3892 as
484 3855 525 3893 we
542 3838 613 3892 have
631 3838 691 3892 said
709 3837 747 3905 [x.
766 3836 794 3906 ὅ]
806 3839 955 3910 perpetual
976 3838 1033 3891 and
1046 3837 1220 3900 immutablc,
1238 3837 1311 3900 (lod,
1325 3837 1387 3892 ιιιο
1405 3840 1429 3893 is

328 3939 414 3978 novor
433 3925 537 3993 unjust,
558 3923 642 3978 could
659 3929 710 3978 not
727 3924 876 3978 command
894 3923 1030 3995 anythiug
1051 3923 1161 3993 against
1177 3921 1240 3977 that
1256 3922 1331 3975 Lan.
1363 3921 1428 3976 Add

327 4008 390 4062 thut
402 4008 451 4064 the
460 4011 527 4064 Law
542 4009 565 4064 is
577 4009 667 4064 called
680 4008 763 4082 right,
778 4027 858 4082 pure,
873 4009 947 4082 hely,
954 4010 1023 4081 just,
1036 4009 1093 4062 and
1103 4007 1187 4078 good.
1216 4006 1284 4075 [See
1295 4006 1346 4061 the
1359 4024 1429 4079 quo-

327 4093 452 4160 tatiouaJ.

385 4180 453 4237 This
467 4180 491 4236 is
505 4185 569 4236 true
581 4181 615 4236 oi
626 4187 770 4254 precepta:
789 4180 857 4237 with
870 4181 972 4253 ragsrd
987 4186 1018 4235 to
1032 4178 1431 4253 permissions,wcmustd1s-

326 4267 459 4340 tinguish.
482 4268 661 4332 PermIssiom
676 4285 707 4323 aa
719 4285 736 4323 a
747 4285 825 4324 mere
838 4268 905 4332 fact,
917 4263 991 4337 [thet
1002 4267 1034 4332 is,
1045 4267 1084 4339 by
1094 4266 1192 4338 saying
1202 4266 1367 4338 nothing,as
1378 4267 1430 4323 the

326 4353 379 4408 law
394 4355 461 4410 does
477 4354 645 4424 concerning
659 4355 766 4410 actions
787 4354 946 4425 altogether
961 4347 1143 4421 indifferent]
1157 4354 1232 4408 need
1245 4359 1297 4408 not
1311 4353 1348 4408 be
1361 4369 1427 4408 con-

326 4441 445 4496 sidered.
483 4441 654 4496 Permission
666 4440 747 4512 legal,
762 4441 786 4496 Is
798 4439 890 4495 either
899 4440 1026 4512 plenary,
1038 4438 1127 4493 which
1140 4439 1216 4510 gives
1228 4455 1246 4494 a
1256 4438 1333 4510 right
1343 4445 1375 4494 to
1388 4438 1426 4493 do

213 4575 215 4580 .
325 4524 1161 4602 athingendrelylawfully;orlessfult,wh1chonlpgiros
1172 4526 1428 4600 impunityamong
