3234 5125
305 341 397 406 xxviii
725 352 752 404 J.
777 351 1038 407 nannnrnncu

303 524 380 582 nota
397 514 455 599 (lu).
505 512 686 599 Aliquando
704 511 766 577 duc
782 512 851 578 loca
872 513 1066 580 diuersorum
1084 514 1280 602 Scriptorum
1303 516 1336 581 in
1356 536 1454 583 uuum

303 615 550 702 compinguntur,
567 622 603 678 ut
618 614 735 678 Suavu
751 622 784 678 et
801 613 955 691 Suanos,
977 614 1046 680 Lib.
1061 616 1103 679 11.
1120 636 1188 703 cap.
1205 638 1239 681 ιι.
1258 621 1273 701 5
1295 618 1346 682 13.
1368 639 1452 683 nuru.

302 717 333 790 5,
350 722 426 779 nota
441 715 497 799 (p).

377 812 553 900 Saepissime
573 820 678 879 autem
704 810 833 894 Auctor,
859 811 943 879 unde
968 814 1088 901 aliquid
1115 814 1243 900 petitur,
1272 814 1454 901 simpliciter

301 912 425 978 nomine
444 934 499 977 suo
523 911 727 991 indicabatur,
754 912 840 977 nulla
855 912 1011 979 mentione
1027 915 1112 979 facta
1132 914 1255 1002 Operis,
1279 913 1377 991 Libri,
1399 937 1453 979 ne·

302 1013 376 1078 dum
395 1011 513 1098 Capitis
528 1019 584 1076 aut
600 1011 739 1089 Versus3
766 1012 846 1077 adeo
869 1020 915 1087 ut,
942 1012 1056 1099 siquis
1078 1014 1179 1078 locum
1199 1034 1343 1097 quaerere
1365 1014 1453 1079 rolu-

301 1111 371 1188 erit,
394 1133 485 1197 quem
509 1132 677 1197 numquam
699 1110 831 1199 legerat,
856 1120 912 1176 aut
934 1110 1021 1197 cujus
1042 1134 1105 1177 non
1129 1112 1321 1188 meminerat,
1350 1113 1453 1178 omnia

302 1211 409 1297 Opera
425 1209 544 1276 laudati
562 1209 729 1297 Scriptoris
746 1209 775 1275 ei
792 1210 1005 1295 persoluenda
1020 1211 1156 1277 fuerint:
1182 1212 1265 1297 quod
1281 1211 1326 1275 ita
1343 1212 1452 1277 moles·

300 1319 365 1376 tum
384 1319 440 1386 est,
458 1309 631 1395 prasertim
646 1310 673 1374 si
687 1331 811 1398 magnae
829 1310 917 1374 molis
931 1308 973 1373 sit
986 1309 1135 1388 collectio,
1158 1309 1259 1395 qualis
1275 1311 1360 1376 haud
1377 1332 1451 1376 raro

266 1480 269 1488 ,
300 1409 444 1489 occurrit,
475 1419 510 1475 ut
537 1406 677 1496 plerique
701 1411 848 1474 Lectores
875 1408 984 1474 malint
1006 1409 1146 1487 ductori,
1171 1410 1254 1475 forte
1284 1431 1450 1496 perperam

299 1508 375 1574 alios
391 1508 425 1573 in
441 1508 649 1575 testimouium
667 1508 797 1584 vocanti,
816 1508 908 1574 fidem
926 1508 1053 1588 habere,
1076 1518 1133 1575 aut
1149 1530 1226 1585 rem,
1248 1508 1288 1574 de
1304 1530 1367 1595 qna
1382 1509 1450 1598 agi·

299 1617 362 1685 tur,
379 1629 441 1673 non
458 1608 533 1674 satis
553 1606 736 1695 intelligere,
759 1629 852 1693 quam
874 1616 995 1672 tautum
1017 1608 1156 1674 laborem
1179 1608 1339 1694 quaerendi
1360 1608 1393 1673 in
1414 1630 1449 1674 se

299 1706 463 1794 suscipere,
477 1730 546 1773 cum
562 1705 698 1793 periculo
715 1706 807 1771 etiam
824 1726 928 1793 operae
944 1706 1063 1772 frustra
1077 1707 1235 1793 impensa.
1272 1708 1449 1795 Aliquando

299 1805 451 1892 equidem,
468 1806 518 1872 vel
535 1828 575 1871 ex
588 1804 755 1884 indicibus,
773 1805 823 1870 uel
840 1828 881 1869 ex
897 1806 1046 1871 memoria
1062 1818 1179 1883 nostra,
1196 1806 1303 1872 velex
1320 1807 1448 1895 reipsa,

298 1904 366 1971 loca
381 1906 522 1991 quaedam
539 1906 624 1969 haud
640 1904 686 1970 ita
703 1904 865 1969 difficulter
879 1905 1035 1990 potuimus
1051 1906 1201 1971 invenire.
1242 1907 1305 1972 Sed
1315 1908 1449 1994 plerum·

299 2026 362 2090 que
376 2004 449 2070 iude
466 2004 541 2069 nihil
565 2004 653 2069 uobis
677 2012 746 2069 crat
761 2003 899 2080 subsidii,
921 2014 957 2069 ut
973 2026 1013 2069 ex
1030 2006 1158 2093 propria
1175 2007 1365 2094 experientia
1381 2006 1448 2092 qui·

300 2104 355 2181 uis,
382 2104 408 2168 si
428 2104 511 2180 velit,
537 2102 627 2169 facile
644 2103 761 2190 poterit
783 2102 968 2191 intelligere.
1017 2104 1089 2169 Hoc
1113 2113 1217 2171 tamen
1233 2127 1296 2170 non
1315 2104 1446 2181 obstitit,

298 2202 461 2288 quominus
477 2202 544 2268 loca
558 2202 626 2267 fere
642 2202 754 2278 omnia,
774 2223 845 2289 quae
861 2202 989 2289 alicujus
1003 2212 1094 2270 eraut
1110 2203 1266 2281 momenti,
1286 2204 1375 2270 citius
1391 2215 1447 2271 aut

297 2302 397 2367 serius
421 2300 649 2368 invenerimus:
676 2301 755 2367 adeo
781 2311 818 2367 ut
842 2323 913 2387 quae
936 2302 1039 2367 adhuc
1064 2302 1249 2368 invenienda
1270 2314 1445 2389 supersunt,

297 2410 354 2467 aut
378 2424 399 2467 a
425 2401 513 2467 nobis
537 2399 718 2489 investigari
740 2422 802 2466 uon
829 2410 1007 2487 potueruut,
1032 2402 1115 2488 quod
1132 2402 1228 2478 Libri,
1249 2403 1332 2467 uude
1348 2402 1447 2468 addu-

298 2509 419 2580 cuntur,
440 2523 504 2567 nou
520 2510 624 2568 essent
639 2501 681 2568 ad
698 2523 832 2575 manum,
856 2499 1038 2588 paucissima
1053 2502 1125 2578 sint,
1150 2522 1217 2588 prae
1234 2502 1368 2567 maximo
1389 2523 1447 2568 nn·

296 2623 383 2668 mero
400 2612 605 2690 repertorum,
628 2611 661 2669 et
680 2601 913 2668 adcuratiesime
928 2623 949 2666 a
970 2602 1060 2667 nobis
1081 2602 1130 2668 vel
1152 2601 1267 2689 inipso
1288 2610 1445 2683 contextu,

298 2702 347 2768 vel
364 2701 397 2767 in
414 2702 565 2791 margine,
580 2701 630 2766 rel
643 2701 674 2766 in
691 2701 791 2781 Notis,
811 2698 1052 2788 designatorum.
1092 2702 1332 2787 Nonnumquam
1346 2700 1447 2787 ipsum

297 2823 410 2867 nomen
428 2801 604 2889 Scriptoris,
628 2823 668 2867 ex
685 2823 746 2888 quo
763 2802 862 2866 rerba
878 2800 1020 2887 quaedam
1045 2801 1163 2866 Auctor
1185 2809 1291 2866 noster
1308 2800 1447 2886 exscrip-

298 2912 391 2980 serat,
414 2901 534 2967 incuria
549 2901 650 2967 nescio
670 2901 765 2988 cujus,
792 2900 937 2966 omissum
959 2899 1071 2979 iuerat,
1097 2909 1133 2966 ut
1152 2901 1302 2965 Dronoru
1320 2899 1443 2976 Srounr,

298 3002 367 3069 Lib.
389 3003 432 3070 Il.
463 3024 531 3089 cap.
556 3023 615 3070 xx.
644 3005 729 3090 530,
757 3010 833 3067 nota
849 3002 899 3085 (s).
953 3001 1034 3066 Sunt
1063 2999 1156 3065 etiam
1185 3000 1260 3077 loca,
1291 3021 1362 3087 quae
1391 2998 1445 3064 diu

296 3103 415 3170 frustra
432 3101 571 3190 quaesita,
588 3101 784 3188 quantumvis
806 3099 956 3188 pertinaci
980 3099 1097 3176 labore,
1118 3121 1285 3185 numquam
1306 3098 1446 3184 reperire

296 3203 510 3292 potuissemus,
533 3202 591 3268 nisi
607 3202 689 3268 forte
705 3201 788 3266 aliud
805 3199 928 3289 agendo
951 3221 1019 3264 sese
1042 3198 1131 3265 uobis
1153 3222 1193 3265 ex
1208 3197 1375 3287 improviso
1392 3197 1446 3263 ob-

297 3305 447 3372 tulissent.
499 3305 543 3370 Et
558 3312 662 3370 tamen
679 3303 754 3369 talia
776 3299 931 3367 interdum
948 3297 1080 3385 pessime
1103 3297 1220 3374 adlata,
1245 3307 1302 3363 aut
1326 3305 1444 3383 aptate,

297 3404 577 3494 deprehendimus:
611 3403 697 3490 cujus
730 3401 776 3467 rei
802 3399 958 3488 specimen
990 3395 1202 3484 suppeditabit
1234 3397 1445 3484 fragmentum

297 3509 454 3590 Dionysii
470 3507 598 3571 Milesii
617 3503 699 3591 apud
717 3503 989 3575 Purnosrrraruu,
1014 3496 1097 3562 unde
1113 3496 1231 3561 Auctor
1246 3503 1354 3559 noster
1369 3493 1444 3558 taci-

296 3613 347 3670 tus
369 3602 445 3666 illud
470 3603 630 3676 retulerat,
659 3600 727 3666 Lib.
754 3600 800 3662 11.
830 3619 896 3683 cap.
913 3618 993 3661 xxv.
1022 3599 1086 3681 59.
1116 3615 1201 3658 num.
1231 3594 1260 3657 1.
1288 3589 1342 3655 ubi
1371 3589 1442 3654 uide

293 3707 399 3774 nomm
418 3701 448 3764 8.

369 3797 432 3862 Sed
449 3804 483 3862 et
498 3794 581 3870 alibi,
604 3794 669 3860 sive
689 3793 787 3869 facile,
813 3792 880 3857 aire
897 3782 1058 3856 difficulter
1079 3788 1153 3859 loca,
1163 3785 1290 3852 laudata
1312 3784 1441 3863 inuenta
1468 3873 1471 3878 Ι

292 3894 416 3962 anobis
431 3893 556 3969 fuerint,
583 3913 704 3956 errores
727 3891 805 3956 bene
827 3888 940 3953 multos
960 3885 1202 3961 observavimus,
1227 3893 1292 3950 tum
1316 3885 1349 3951 in
1365 3888 1440 3957 locis

291 3995 460 4060 ductorum
482 3989 691 4055 exscribendis
714 3996 768 4052 aut
790 3985 958 4061 vertendis,
981 3993 1048 4050 tum
1070 3983 1104 4048 in
1120 4005 1227 4049 eorum
1249 3985 1375 4052 adrem
1392 3988 1438 4076 ip·

289 4111 365 4165 sam,
383 4089 423 4154 de
440 4109 503 4174 qua
521 4087 635 4174 agitur,
657 4084 951 4151 adcommodatioue.
1002 4083 1126 4149 Horum
1142 4081 1278 4148 omnium
1294 4090 1438 4175 exempla

289 4187 431 4253 volumen
457 4183 609 4270 aperienti
637 4182 741 4248 statim
767 4203 834 4246 sese
859 4182 999 4248 offerent
1047 4181 1122 4248 Loci
1152 4181 1243 4248 simul
1271 4205 1437 4273 perperam

288 4281 435 4369 descripti
451 4291 484 4346 et
500 4280 582 4346 versi
598 4301 692 4346 unum
709 4279 847 4346 indicare
863 4280 1038 4347 suffecerit:
1063 4281 1090 4346 is
1107 4291 1156 4348 est
1171 4283 1194 4348 J
1196 4304 1325 4362 casaur,
1349 4286 1437 4373 cnjus

288 4381 386 4450 rerba
407 4379 584 4444 referuntur
607 4378 676 4448 Lib.
694 4379 721 4444 Ι.
745 4401 812 4465 cap.
828 4400 872 4445 rr.
900 4387 914 4466 ᾗ
932 4379 963 4457 7,
987 4389 1062 4446 uota
1077 4383 1136 4468 (y).
1183 4382 1303 4448 Auctor
1318 4395 1434 4463 noster,

284 4488 320 4544 ut
336 4477 457 4565 probet,
475 4476 641 4544 secundum
658 4477 817 4564 quosdam,
832 4500 919 4566 apem
936 4480 1170 4546 resurrectionis
1186 4503 1326 4549 caussam
1340 4483 1436 4552 fuisse
