3234 5125
187 342 254 397 Cur.
268 340 333 408 nu]
431 344 500 398 UBI
520 343 572 398 DE
593 343 694 399 MARI
714 345 765 399 ΕΤ
785 345 1036 402 FLUMINIBUS.
1222 335 1286 402 257

188 516 224 569 ut
248 525 314 568 uon
335 525 370 568 eo
390 505 498 569 minue
523 504 561 568 iu
587 525 627 568 ec
647 525 744 569 ouum
766 508 901 593 quisque
918 508 1073 592 possidet.
1116 504 1286 590 Imperium

188 603 266 668 dues
288 602 367 667 solet
388 602 506 667 hebere
528 600 675 668 meterius
689 602 749 667 sibi
765 603 970 690 subjacentes,
987 603 1165 692 primarium
1181 624 1288 688 perso-

140 739 144 747 ·
187 721 256 777 nus,
272 721 344 786 quoe
358 700 491 766 muteris
502 700 568 765 sols
583 699 739 766 interdum
753 702 874 779 suffieit,
890 710 926 768 ut
941 703 976 766 in
987 701 1128 767 exercitu
1138 701 1285 777 virorum,

187 798 363 879 mulierum,
384 820 553 885 puerorum
575 807 737 883 quoerente
760 819 857 866 nores
884 799 993 878 sedes;
1018 808 1053 866 et
1074 799 1287 866 secundariam

187 896 298 974 locum,
315 897 370 983 qui
386 896 578 964 territorium
592 895 714 963 dicitur.

262 998 284 1061 2
315 997 500 1082 Quanquam
516 1002 621 1060 sutem
638 994 822 1081 plerumque
837 1019 900 1062 uno
911 1005 983 1064 uotn
1000 996 1099 1084 queri
1114 997 1217 1063 solent
1232 996 1288 1063 im-

188 1093 319 1182 perium.
334 1102 368 1161 et
388 1092 565 1170 dominium,
592 1085 686 1159 '’sunt
711 1101 817 1160 tumen
843 1095 1009 1162 distinctu:
1034 1097 1165 1182 ideoque
1191 1094 1289 1160 domi-

189 1193 275 1258 nium
290 1214 352 1257 nou
368 1192 401 1257 in
415 1191 498 1258 cives
513 1199 646 1268 tentum,
661 1192 717 1258 sed
734 1200 767 1258 et
781 1193 815 1257 in
832 1202 999 1260 extraneos
1011 1195 1131 1269 transit,
1145 1201 1290 1259 manente

189 1281 393 1378 peues'qucm
402 1290 462 1356 init
473 1289 612 1378 imperio.
647 1289 768 1356 Simulus
784 1291 864 1357 libro
879 1295 919 1358 de
932 1295 1177 1360 Condite'om'bue
1185 1294 1290 1376 Aqro-

190 1413 285 1455 rum:
301 1394 460 1456 Acriores
470 1391 713 1474 aeeiffimtionre,
728 1391 971 1477 divieiourbque
987 1413 1051 1456 nou
1062 1393 1290 1477 wfficieetibue

191 1491 285 1572 syrie
317 1490 527 1563 sobriorum,
561 1509 639 1569 quoe
667 1509 707 1552 eu
734 1490 854 1553 vicinio
886 1491 1063 1555 territoriis
1093 1491 1290 1576 eumsieeeet,

192 1588 444 1670 metuerem-emt
477 1587 610 1670 quidem
628 1587 766 1669 fitteris
798 1588 924 1652 civibus
957 1589 1158 1652 coloniarum
1170 1611 1184 1662 ,·
1223 1587 1293 1652 Sed

184 1685 376 1768 jurisdictio
392 1685 429 1747 in
444 1685 547 1767 aens,
564 1681 641 1764 'qui
657 1686 821 1767 macuati
834 1697 918 1760 mut,
937 1707 1037 1771 penes
1058 1707 1109 1750 eos
1125 1688 1291 1760 remae-sit,

191 1805 231 1847 eo
246 1804 385 1868 quor-mn
402 1781 567 1847 territorio
591 1782 691 1845 mmet
711 1792 795 1846 meet.
847 1782 1074 1847 Demosthenes
1090 1782 1230 1847 erutione
1252 1781 1294 1847 de

193 1879 364 1957 Helonesc,
378 1900 483 1968 egros,
493 1877 547 1965 qui
561 1899 669 1943 eorum
681 1887 764 1957 suut,
781 1900 914 1965 quorum
926 1889 974 1946 est
988 1878 1190 1957 territorium,
1202 1886 1294 1946 vocet

193 1974 411 2067 ἐγκτήματα,
428 1976 502 2064 ⁸qui
517 1976 550 2041 in
565 1975 667 2041 alieno
682 1972 846 2059 κτήματα.

269 2078 308 2144 V.
357 2077 397 2141 In
425 2076 492 2141 loco
515 2083 630 2151 eutem
656 2074 744 2162 cujus
767 2075 934 2162 imperium
951 2076 1017 2163 jum
1036 2083 1218 2164 occupatum
1235 2084 1293 2154 est,

188 2175 244 2262 jus
268 2173 437 2262 occupandi
462 2195 516 2240 res
540 2172 669 2238 mobiles
693 2175 849 2242 anteverti
876 2196 966 2262 posse
991 2175 1063 2263 lege
1094 2173 1176 2240 civili
1199 2195 1296 2262 supro

237 2349 326 2399 isias
342 2357 418 2398 tunae
433 2349 557 2411 Meua]
581 2351 669 2410 Iteque
694 2355 720 2397 et
767 2352 832 2412 quod
847 2353 948 2400 divisum
963 2353 1050 2409 iuerat,
1065 2352 1107 2399 sed
1122 2364 1171 2397 uon
1185 2350 1296 2411 edsiguu

194 2426 259 2485 opud
270 2427 444 2486 Apollodorum
454 2424 720 2482 erumminensis
767 2432 821 2474 tum
836 2429 924 2476 futuris
938 2428 1029 2474 civibus
1045 2425 1210 2483 Colonierum,
1228 2438 1297 2472 msu-

194 2505 247 2548 tum
257 2500 347 2547 seuere
355 2501 531 2556 terrudhises,
540 2513 590 2546 uno
599 2499 720 2546 retinente
767 2502 934 2560 similiorem,
939 2515 1040 2563 quorum
1047 2504 1119 2547 entes
1125 2501 1211 2547 fueret„
1224 2499 1297 2554 Quod

194 2580 288 2625 eures
297 2576 388 2635 κρότοι
398 2590 469 2623 omne
481 2576 615 2636 imperium.
647 2575 719 2637 [Bib-
767 2582 849 2624 sutem
869 2578 1022 2637 udsignstum
1047 2576 1136 2631 meret,
1154 2576 1179 2622 id
1199 2574 1296 2621 omniuo

195 2652 263 2699 lietb.
278 2652 332 2700 Lib.
345 2665 387 2699 ru.
401 2664 454 2713 esp.
464 2651 498 2697 ix.
510 2649 525 2711 5
537 2654 559 2697 1.
571 2655 658 2710 etcup.
672 2651 720 2696 xir-
768 2653 898 2699 eoeedebst
914 2651 1076 2713 jurisdictioni
1093 2650 1208 2697 Gelonis.
1239 2648 1297 2697 vid.

196 2725 254 2787 βᾶ]
768 2727 851 2787 miq.
861 2726 951 2787 Aqrar.
964 2726 988 2771 in
1000 2725 1083 2771 eodem
1091 2724 1228 2780 Volumine,
1238 2737 1296 2783 ρας.

241 2800 383 2861 'Amph
399 2799 722 2859 Gorsruslegitbeiorecte
769 2798 822 2842 114.
833 2800 928 2854 dreqq.
958 2794 1075 2853 Adeoque
1084 2793 1152 2838 locus
1162 2792 1297 2838 uiledrem

196 2876 232 2923 eie
245 2889 325 2935 nerse,
339 2888 370 2920 ex
383 2874 486 2933 vestigio
495 2872 605 2918 lectionis
615 2870 722 2917 iisset
768 2869 837 2915 tecit.
866 2868 894 2915 J.
904 2868 937 2913 Β.

196 2950 259 2996 Edd.
275 2951 310 2995 eie
321 2948 397 3008 curie.
427 2947 507 2992 Iocus
522 2950 560 2991 eet
573 2959 631 3005 με.
644 2946 681 2991 su
697 2945 723 2989 in
815 2941 827 2971 ¹
840 2942 966 2988 Permutat
974 2940 1028 2986 heio
1045 2941 1137 2986 Auctor
1150 2950 1244 2985 sermm
1255 2949 1298 2981 ro-

190 3026 238 3084 Jtn.
253 3022 382 3077 Editionis,
396 3034 469 3081 quem
483 3020 578 3066 curarit
596 3019 660 3065 idem
677 3017 724 3064 Vir
770 3029 826 3061 oum
839 3014 984 3061 Graeoeruur.
1015 3012 1079 3060 Vide
1092 3013 1173 3059 locum
1189 3011 1299 3059 orsum

196 3097 368 3144 Dootiesimw
379 3090 723 3154 quietiemoptimeoeteudit,
772 3088 998 3148 Grecipegdtu.
1028 3086 1099 3135 J.B.

199 3333 289 3403 Kings
308 3330 384 3386 heve
400 3344 495 3401 power
513 3343 580 3383 orer
601 3326 641 3380 ull
658 3324 752 3394 things
774 3321 838 3392 (the
858 3316 1016 3391 lordshirit
1041 3316 1207 3373 individuale
1228 3315 1301 3373 here

198 3424 334 3491 property
347 3406 542 3484 (ownersbip.)
576 3411 638 3466 The
649 3410 741 3481 cityis
754 3408 804 3461 the
818 3405 920 3476 kingfs3
937 3404 990 3459 but
1006 3402 1195 3459 uererthelese
1207 3401 1237 3454 in
1251 3400 1301 3455 tho

199 3506 257 3575 oity
268 3501 338 3558 esch
351 3500 404 3555 bes
421 3499 465 3554 his
482 3514 554 3555 own.
587 3494 727 3565 Lordship
741 3492 792 3547 hee
807 3496 863 3546 two
876 3489 960 3544 kinds
975 3489 1008 3543 of
1023 3492 1128 3543 mutter
1146 3485 1255 3555 subject
1270 3491 1301 3540 to

199 3590 223 3644 it
230 3608 239 3655 ς
256 3588 527 3660 primumprimur,
541 3580 632 3636 ebich
641 3584 746 3635 mutter
757 3577 839 3632 sione
850 3575 1010 3631 sometimes
1024 3574 1149 3637 sufficee;
1166 3587 1197 3625 us
1211 3570 1241 3625 in
1252 3568 1302 3625 the

199 3690 263 3729 cese
277 3672 311 3727 of
327 3688 346 3726 e
361 3670 438 3741 body
455 3670 489 3722 oi
501 3666 603 3739 peopIe
617 3666 704 3732 (meu,
717 3678 834 3726 women,
852 3660 909 3715 und
923 3654 1072 3724 children)
1084 3657 1199 3728 secking
1210 3672 1228 3710 s
1241 3670 1303 3710 ner

199 3758 375 3822 settlement;
394 3754 453 3809 und
463 3752 625 3823 seuoudury,
636 3767 655 3805 u
667 3750 757 3821 plsee,
767 3746 860 3801 which
871 3746 895 3801 is
906 3744 996 3799 called
1007 3760 1026 3797 e
1035 3741 1172 3813 musy.

255 3850 273 3897 2
294 3840 457 3905 Tbereiore‚
465 3836 574 3908 though
584 3834 709 3907 lordship
716 3832 773 3889 und
780 3830 993 3902 ownershipere
1004 3828 1163 3899 commonly
1171 3824 1304 3898 required

201 3929 239 3999 by
249 3944 303 3982 one
314 3932 370 3991 eet,
380 3925 449 3997 they
460 3940 509 3979 ere
519 3923 609 3994 reuliy
622 3921 746 3975 distinct.
780 3917 843 3972 The
855 3914 1011 3985 orrncrsbip
1021 3930 1086 3986 may
1100 3929 1164 3985 poss
1175 3918 1226 3968 not
1238 3909 1305 3981 only

202 4018 233 4067 to
250 4012 372 4075 citizens,
383 4011 436 4066 but
446 4016 478 4064 to
488 4015 645 4079 strengere3
666 4004 749 4060 while
766 4002 816 4059 the
834 4001 961 4071 lordship
975 4000 1097 4055 remeius
1119 4000 1147 4053 in
1163 3997 1305 4053 thesemo

201 4095 293 4151 hsnds
304 4112 335 4149 es
343 4095 449 4150 before.
500 4094 539 4148 So
554 4093 664 4148 siculus
677 4089 722 4145 De
729 4088 930 4144 &succuum
940 4083 1090 4156 Aurei-mn.
1135 4080 1304 4138 Demosthe·

202 4198 254 4237 nee
262 4196 326 4235 uses
337 4180 469 4235 different
482 4178 572 4233 words
585 4178 632 4232 i'or
644 4175 749 4230 lauded
761 4178 898 4246 property
913 4172 944 4224 in
961 4186 1015 4225 our
1029 4185 1091 4224 orm
1102 4169 1235 4238 territory
1248 4162 1305 4219 eud

202 4267 234 4320 in
247 4264 375 4320 another.

256 4350 292 4404 V.
329 4349 365 4404 In
378 4365 397 4403 c
410 4347 490 4419 pisce
504 4348 533 4401 in
547 4346 639 4401 which
649 4344 699 4400 the
710 4344 837 4414 iordship
852 4343 876 4397 is
887 4340 1003 4412 shesdy
1014 4335 1159 4408 occupied,
1169 4334 1219 4389 the
1231 4330 1307 4402 right

204 4436 238 4493 oi
245 4436 402 4507 oocupying
412 4432 558 4489 moreeble
566 4431 660 4503 things
669 4428 714 4499 (ne
724 4428 790 4483 vild
800 4429 903 4492 bessis,
912 4425 997 4490 birds,
1007 4420 1073 4489 tre.)
1085 4437 1149 4491 moy
1157 4420 1194 4475 be
1205 4416 1307 4473 burred

1162 4539 1205 4609 17

307 4602 442 4694 [eor-i
