3234 5125
338 371 402 435 138
632 377 748 436 Bubul
768 377 952 436 PAR'I'ITIO
973 378 1143 435 DUPLEX.
1330 377 1441 449 [ΕΜ.

337 541 379 608 de
404 538 512 630 regnis
535 537 643 606 testati
670 539 830 628 leguntur,
862 530 918 605 bid
948 537 1223 607 commendationis
1247 540 1348 631 magia
1376 541 1441 610 rim

336 639 422 729 apud
451 637 598 727 populum
627 639 774 717 habebat,
795 660 891 725 quam
913 660 999 705 verre
1023 638 1225 706 alienationis.
1276 643 1382 728 Atque
1408 642 1441 712 id

338 739 380 806 de
396 738 511 805 Oarolo
526 737 686 825 speciatim
701 738 772 804 hdo
789 746 952 814 memorat,
978 737 1112 804 voluisse
1131 761 1202 806 eum
1219 747 1440 810 testamentum

339 860 430 905 auum
445 860 467 904 a
483 840 676 904 Francorum
698 836 898 925 optimatibus
921 837 1106 904 confirmari.
1159 837 1267 904 Simile
1290 843 1440 928 estquod

340 937 426 1025 apud
455 936 578 1005 Lirinm
606 936 748 1026 legimus,
774 937 897 1025 Regem
919 937 1127 1003 Macedonum
1153 937 1343 1025 Philippum,
1369 963 1439 1008 oum

342 1038 462 1104 Persea
477 1058 500 1103 a
512 1056 613 1126 reguo
628 1057 748 1113 aroere,
770 1044 805 1103 et
820 1035 888 1122 ejus
904 1036 972 1102 loeo
988 1057 1098 1125 regem
1114 1036 1219 1103 faeere
1236 1037 1332 1106 vellet
1344 1040 1438 1108 Anti·

339 1159 466 1227 gonum,
482 1135 591 1203 fratris
604 1136 655 1202 sni
669 1135 779 1213 lilium,
797 1135 909 1202 obiisse
925 1135 1119 1204 Macedonia
1134 1136 1238 1214 urbes,
1256 1140 1310 1205 eut
1325 1139 1441 1226 prinoi-

337 1238 431 1326 pibus
445 1235 639 1326 Antigonum
654 1235 894 1303 commendaret

409 1339 432 1402 2
466 1335 535 1402 Nec
550 1335 635 1423 quod
649 1334 732 1400 idem
751 1333 805 1399 ille
822 1333 998 1401 Ludorieus
1017 1335 1128 1402 urbem
1145 1336 1277 1404 Romam
1293 1337 1438 1408 Parrhali

337 1435 480 1503 Pontifici
505 1434 677 1502 reddidime
697 1431 840 1522 ¹legitur,
863 1431 905 1499 ad
921 1455 988 1499 rem
1009 1435 1094 1514 facit,
1120 1457 1190 1501 eum
1207 1436 1320 1502 Franci
1340 1419 1437 1524 impe-

336 1535 419 1602 rinm
440 1536 475 1601 in
496 1535 605 1602 urbem
626 1535 759 1599 Romam
782 1553 805 1598 a
825 1532 941 1620 populo
956 1535 1100 1600 Romano
1115 1544 1286 1623 acceptum,
1303 1535 1439 1604 reddere

335 1635 461 1701 ’eidem
477 1634 592 1723 populo
611 1641 698 1699 reete
717 1632 897 1719 potuerint:
922 1633 1009 1719 cujus
1030 1634 1136 1722 populi
1159 1635 1249 1723 qnasi
1273 1657 1438 1724 personam

335 1733 558 1812 sustinebatis,
574 1732 630 1820 qui
646 1731 739 1820 primi
756 1730 875 1797 ordinis
890 1730 1036 1820 princepe
1055 1741 1134 1800 erat.

406 1835 496 1902 xlv.
533 1832 626 1910 Quod
649 1841 755 1898 autem
777 1831 840 1896 huc
861 1851 960 1918 usque
981 1832 1162 1910 monuimus,
1188 1832 1437 1924 distinguendam

335 1955 403 2001 ease
419 1931 628 2000 summitatem
649 1929 773 2018 imperii
794 1930 836 1996 ab
859 1930 996 1998 habendi
1011 1931 1215 2018 plenitudine,
1232 1932 1311 2001 adeo
1328 1957 1437 2001 rerum

333 2041 392 2111 eat,
414 2041 535 2100 utnon
555 2031 648 2098 modo
670 2030 822 2118 pleraque
844 2029 975 2117 imperia
996 2051 1117 2098 summa
1138 2053 1200 2098 non
1224 2032 1318 2121 plene
1342 2033 1436 2101 hahe-

333 2140 438 2208 antur,
463 2131 519 2198 sed
541 2138 575 2197 et
592 2131 693 2196 multa
711 2151 775 2195 non
791 2151 912 2195 summa
933 2129 1109 2196 habeantur
1124 2131 1236 2218 plene:
1261 2153 1324 2220 quo
1347 2132 1384 2199 tit
1399 2139 1436 2200 ιιι

333 2222 585 2296 “marchionatus
600 2236 634 2293 et
650 2227 814 2294 comitatus
828 2227 947 2295 laoilius
964 2249 1058 2316 quam
1081 2251 1182 2322 regna
1202 2231 1296 2300 rendi
1318 2239 1351 2300 et
1375 2239 1436 2300 tes·

332 2336 472 2396 tomento
485 2325 621 2413 relinqui
635 2325 764 2394 soleant.

374 2470 388 2505 b
401 2470 435 2519 Id
442 2467 862 2530 oomduliorr'araoqiariasopad
907 2468 1038 2533 mdoret]
1054 2471 1117 2520 Vide
1127 2485 1177 2519 rem
1190 2471 1291 2521 ιιιιιῖιοιιι
1299 2475 1364 2536 apud
1375 2475 1435 2524 Cas·

328 2546 443 2610 popalus
452 2542 566 2606 Mbebot]
582 2543 646 2592 Vlde
656 2542 797 2605 capitulum
807 2555 858 2591 ιιι.
907 2544 1028 2593 alodornm
1038 2545 1156 2597 Libetur.
1167 2549 1238 2611 epist.
1247 2564 1287 2598 ιιι.
1299 2555 1325 2599 οι
1332 2566 1434 2613 sequen.

332 2626 465 2671 conventus
482 2622 513 2668 ad
534 2619 683 2668 (ἓιιίιίιοιιιιι
702 2619 748 2665 aub
769 2618 858 2666 carolo
907 2622 980 2671 tibus.
1011 2624 1052 2671 Ita
1071 2630 1144 2685 pacta
1164 2627 1319 2675 moeeaaiouia
1343 2634 1434 2676 mutuas

332 2699 418 2749 Calvo.
439 2696 567 2744 Hueraler
574 2698 746 2743 mentum
756 2694 858 2755 Pelagii,
905 2695 971 2743 inter
995 2698 1119 2745 Smetium
1139 2704 1165 2747 et
1186 2700 1304 2748 Jacobum
1324 2702 1435 2764 Arrago-

331 2787 381 2835 quo
390 2772 532 2834 Hispaniam
541 2772 639 2832 reliquit
649 2770 753 2817 Alfouao
767 2775 793 2817 et
808 2771 858 2817 Or·
906 2784 992 2818 nausea
1007 2785 1023 2818 a
1038 2774 1177 2833 procerlbus
1191 2776 1294 2823 firmata.
1324 2778 1434 2825 blariaua

330 2848 446 2906 miniada»,
462 2847 540 2910 [apud
553 2846 695 2903 Mmlaoam,
714 2845 773 2893 Rer.
784 2845 857 2906 Ηίερ.
905 2845 968 2893 libro
983 2860 1033 2895 111.
1049 2847 1107 2909 (cup
1119 2850 1157 2910 16)
1172 2856 1198 2898 et
1210 2851 1308 2898 Raurici
1319 2852 1433 2901 Navarra

332 2926 387 2974 Lib.
400 2937 447 2972 ru.
462 2922 553 2985 eapti]
568 2928 594 2971 et
608 2922 639 2970 de
652 2922 733 2969 Dauia
746 2922 858 2983 quasdam
905 2923 970 2984 ragis
997 2923 1188 2986 [testamentum
1213 2924 1272 2987 qno]
1294 2925 1432 2975 sermnem

329 3001 396 3062 apud
411 3000 539 3047 monem.
568 2997 655 3059 Neque
668 2998 755 3045 mirum
772 2998 857 3059 igitur,
905 2996 1010 3046 instituit
1019 3000 1141 3048 heredem.
1163 2999 1232 3048 Idem
1246 3000 1354 3047 Mariana
1367 3002 1431 3049 libro

328 3076 439 3137 quasdam
449 3077 594 3122 testamenta
603 3073 756 3134 improbante
765 3072 857 3134 populo
905 3085 967 3119 1111.
986 3074 1050 3135 (cap.
1061 3073 1104 3135 Ἡ)
1115 3080 1141 3122 οι
1151 3076 1260 3123 isabella
1270 3076 1359 3137 regines
1369 3076 1431 3125 caa-

328 3151 402 3197 toleae
412 3150 523 3207 ruant
532 3148 629 3195 Alioual
639 3149 777 3209 Arragonli.
793 3148 857 3196 Wde
904 3148 979 3196 tellse.
997 3151 1066 3196 Idem
1077 3150 1139 3197 libro
1149 3164 1247 3198 xxrnr.
1258 3150 1322 3212 (oap.
1334 3154 1370 3210 11,
1380 3152 1431 3214 12.)

328 3225 464 3273 Marianam
480 3224 543 3271 libro
557 3236 586 3271 x.
610 3224 676 3285 (cap.
692 3226 729 3282 16,
745 3223 793 3283 16.)
823 3224 857 3270 Et
951 3223 1068 3271 1Ριωιοι·
1087 3239 1123 3282 ea,
1143 3239 1197 3286 quar
1218 3226 1280 3273 bene
1297 3226 1431 3275 obserrarlt

328 3300 427 3351 Altoual
441 3298 607 3362 Legioueuaia,
622 3313 677 3346 cnm
694 3299 791 3345 ialiliaa
805 3298 856 3345 fillo
905 3299 1049 3357 Gronovius,
1070 3314 1119 3346 nou
1136 3305 1218 3360 potest
1234 3300 1281 3347 dlol
1296 3301 1431 3349 Ludorlous

327 3375 483 3438 praetulisset.
513 3374 583 3422 Idem
600 3373 711 3421 Mariana
724 3373 788 3421 libro
804 3386 855 3421 ιιι.
904 3372 963 3421 Plus
974 3374 1114 3432 reddidisse,
1126 3374 1192 3435 quod
1205 3388 1336 3437 numquam
1347 3376 1432 3423 Ponti.

328 3453 404 3515 (Cap.
415 3453 466 3515 15).
903 3448 960 3497 does
967 3449 1431 3511 Romauihabuerautjuresotllcetlm·

368 3537 380 3563 e
406 3530 439 3578 Ue
453 3526 606 3589 praepetes
624 3524 768 3586 Αηιίςοιιιοιι
792 3537 855 3572 coar-
902 3524 964 3584 parii
978 3525 1071 3585 summi,
1089 3524 1120 3571 de
1135 3538 1185 3585 quo
1200 3526 1289 3587 agitur.
1318 3526 1430 3574 Dlxlmua

325 3722 506 3793 accordingly
516 3721 719 3792 charlemagne
736 3720 848 3775 desired
862 3725 893 3774 ιο
909 3718 982 3775 hare
993 3719 1037 3775 his
1053 3725 1206 3775 testameut
1220 3720 1375 3776 confirmed
1392 3721 1432 3794 by

325 3807 376 3863 the
392 3806 532 3861 Fraukieh
548 3804 655 3861 nobles.
702 3804 741 3859 So
759 3803 864 3877 Philip,
880 3802 949 3876 king
968 3804 1002 3860 of
1015 3804 1162 3866 Macedon,
1177 3804 1363 3859 commended
1385 3806 1430 3861 hie

324 3892 443 3964 naphes
453 3906 485 3945 aa
496 3889 565 3961 king
576 3895 607 3944 ιο
618 3889 669 3945 tha
679 3890 759 3944 eities
767 3889 801 3943 of
808 3888 983 3944 Macedonia

377 3983 395 4031 2
421 3974 508 4031 Iouis
521 3975 660 4048 restoring
673 3975 723 4029 the
737 3974 794 4047 city
809 3974 843 4029 of
854 3975 946 4029 Rome
958 3980 989 4030 ιο
1003 3974 1082 4045 Pope
1096 3970 1217 4027 Pesehal
1230 3971 1255 4029 is
1269 3978 1321 4029 not
1335 3980 1366 4031 to
1378 3976 1429 4034 the

323 4062 419 4136 point;
436 4060 483 4117 for
493 4059 543 4115 the
554 4061 663 4117 Franks
674 4060 765 4132 might
773 4060 907 4133 properly
915 4066 1022 4117 restore
1031 4064 1061 4137 ιο
1072 4061 1121 4116 the
1130 4060 1242 4114 Roman
1250 4062 1353 4134 people
1363 4062 1429 4120 that

323 4148 468 4220 authority
485 4161 552 4201 orer
568 4144 618 4201 the
635 4148 694 4219 city
712 4146 746 4202 οἰ
762 4147 854 4201 Rome
872 4145 963 4201 which
980 4145 1049 4218 they
1064 4146 1122 4201 had
1139 4146 1268 4203 received
1285 4147 1361 4204 from
1377 4149 1428 4205 the

323 4236 436 4291 Roman
448 4232 566 4307 people;
583 4234 641 4289 and
658 4234 709 4289 the
730 4233 810 4304 Pope
827 4231 917 4304 might
936 4232 973 4289 be
993 4232 1159 4289 considered
1180 4248 1211 4289 aa
1232 4236 1428 4307 representing

322 4321 373 4379 tha
384 4320 495 4394 people.

375 4408 458 4465 XIV.
496 4406 582 4463 Some
592 4422 700 4479 powers
710 4406 798 4462 lower
808 4403 878 4462 than
889 4406 1068 4480 sorereignty
1079 4422 1128 4463 are
1137 4404 1205 4463 held
1213 4408 1294 4480 pleno
1300 4408 1381 4481 jare.-
1396 4424 1427 4465 aa

321 4495 516 4566 marqmaates.
533 4493 668 4559 enunties,
688 4492 828 4556 baronies,
848 4509 898 4549 are
920 4492 991 4558 sold,
1011 4492 1199 4565 bequeathed,
1222 4509 1256 4551 or
1279 4493 1426 4551 otherwise

321 4578 472 4645 adenstad,
486 4581 572 4639 much
585 4596 665 4637 more
676 4579 836 4654 commonly
847 4578 917 4637 than
928 4579 1086 4652 kingdoms.
