3234 5125
172 333 241 390 (ier.
255 333 335 402 v11.]
456 336 547 401 QUAE
569 336 634 390 FIT
654 336 730 390 PER
752 335 894 400 LEGEM,
914 335 996 392 ETO.
1205 329 1268 392 381

171 496 275 563 natica
291 496 396 564 differt
411 495 444 562 in
459 498 518 564 hoc
536 499 667 565 maxime
679 499 856 566 introducta
872 508 930 577 est,
948 522 988 566 ne
1004 522 1062 588 per
1073 499 1270 567 foeminarum

172 596 368 662 matrimonia
396 597 438 663 ad
468 598 667 687 peregrinum
695 599 877 688 sanguinem
906 600 1070 687 imperium
1099 600 1270 667 deveniret.

173 697 212 760 In
229 706 361 784 utraque
377 703 481 762 autem
506 697 610 764 lineali
631 698 822 764 successione
842 699 875 764 in
892 698 1045 765 infinitum
1061 699 1271 766 admittuntur

172 794 266 860 etiam
294 795 347 882 qui
372 795 413 860 ab
439 795 546 862 ultimo
575 817 752 884 possessore
779 797 983 864 remotissimo
1012 799 1115 888 gradu
1142 799 1271 877 distant,

172 893 246 958 dum
272 916 293 959 a
320 893 421 981 primo
442 915 520 984 rege
540 896 738 964 descendant.
784 898 844 963 Est
873 907 906 964 et
935 897 1009 964 ⁰ubi
1034 897 1196 965 deficiente
1215 920 1272 988 ag-

170 993 275 1059 natica
290 992 487 1060 substituitur
503 995 652 1062 successio
668 995 837 1085 cognatiora

246 1093 370 1162 XXIV.
421 1093 576 1161 1'Possunt
603 1103 636 1161 et
664 1095 717 1162 alii
744 1096 969 1163 successionum
997 1097 1081 1164 modi
1107 1097 1271 1176 introduci,

170 1199 227 1258 aut
242 1192 349 1280 populi
372 1191 542 1273 voluntate,
559 1202 616 1261 aut
636 1193 731 1262 etiam
750 1194 818 1282 ejus
839 1197 892 1283 qui
911 1218 1044 1285 regnum
1064 1197 1110 1263 ita
1124 1197 1158 1262 in
1174 1197 1273 1285 patri-

171 1290 274 1355 monio
299 1291 404 1368 habet,
431 1300 467 1358 ut
489 1293 627 1360 ahenare
650 1293 757 1380 possit.
810 1295 899 1363 Licet
923 1295 1005 1362 enim
1030 1296 1164 1384 exempli
1179 1319 1273 1363 cauea

171 1390 368 1467 constituere,
385 1395 444 1457 qut
464 1392 517 1478 qui
542 1391 601 1458 sibi
622 1414 745 1479 quoque
767 1401 910 1480 tempore
931 1395 1029 1461 futuri
1045 1406 1118 1462 sunt
1137 1394 1271 1483 proximi

172 1489 337 1555 succedant
363 1490 396 1554 in
423 1512 565 1578 regnum,
597 1489 677 1557 deut
706 1491 791 1579 apud
816 1493 969 1559 Numidae
999 1494 1082 1571 olim,
1109 1505 1185 1582 puto
1214 1494 1271 1560 tali
1284 1524 1433 1565 nemea

172 1678 212 1733 lie,
236 1683 284 1726 tuns
307 1693 404 1742 requam
433 1679 586 1727 Vassdclicum
609 1694 699 1740 semper
746 1684 838 1742 potest.
875 1681 938 1728 llam
962 1685 988 1729 et
1011 1685 1076 1744 apud
1101 1683 1273 1745 Langobardos

172 1756 252 1802 accire
269 1756 344 1803 coluit
366 1755 402 1802 cd
419 1771 470 1803 ensa
489 1757 531 1817 qus·
545 1770 592 1816 per
612 1755 698 1802 lincam
747 1756 822 1804 Vesci
831 1758 884 1818 regi
894 1757 1109 1818 liliosrelinquenti
1122 1773 1171 1806 non
1186 1760 1273 1820 aliquis

170 1831 326 1878 marsnam
335 1831 383 1892 spei
395 1829 521 1879 Giurirho
530 1844 613 1891 umere
619 1845 697 1892 proc-
747 1831 850 1877 liliorum
860 1832 986 1878 succedere
995 1833 1106 1890 debebat,
1115 1834 1158 1880 sed
1167 1833 1273 1894 desdam

171 1907 625 1968 imss,ets'ster1rroxtssosssccs'saas
641 1912 699 1954 aret
746 1907 842 1966 generh
866 1907 1024 1968 Bisiulphuss
1048 1909 1117 1955 testis
1141 1909 1274 1970 Procopius

171 1987 248 2030 oetcte.
269 1983 340 2043 (Cap.
361 1983 416 2042 vil.)
435 1983 584 2030 Joraandes:
602 1983 698 2030 Gesori-
749 1981 1039 2044 contemnendas
1051 1984 1105 2041 85.)
1126 1985 1273 2032 Etinllan·

170 2057 236 2115 chus,
250 2057 293 2104 dia
310 2072 418 2119 reprom,
433 2064 488 2106 onte
501 2059 589 2106 ebitum
602 2073 698 2106 menese
746 2057 931 2117 priaemgnum
941 2062 1036 2105 mortuo
1050 2059 1117 2105 Istrs
1130 2073 1179 2105 non
1192 2060 1274 2107 liberis

163 2133 275 2193 filiorum
283 2135 376 2195 aptatae
385 2134 698 2191 emmeramensem
747 2130 798 2192 ejus
808 2132 851 2178 sed
859 2133 930 2179 fratri
939 2133 982 2193 jus
990 2134 1064 2181 muse
1078 2138 1161 2181 umet
1175 2135 1273 2182 Nicetes

171 2208 235 2268 ipsos
244 2209 273 2255 de
282 2210 349 2269 repar·
363 2209 488 2257 ambitione
503 2215 562 2257 esset
575 2210 697 2268 dum,
747 2205 879 2254 choniates
895 2207 925 2254 dc
938 2209 1008 2255 reim
1022 2208 1146 2256 Mareotis
1160 2211 1223 2257 llbro
1236 2223 1274 2270 ιν,

170 2283 213 2328 scd
228 2283 311 2330 ordine
327 2285 426 2345 qsshqsse
441 2290 463 2331 ct
478 2285 558 2346 prada
576 2300 619 2332 ruo
639 2285 698 2332 aliia
745 2281 813 2343 (cap.
833 2282 863 2342 i.)
893 2282 979 2329 Nescio
999 2297 1030 2329 sa
1051 2285 1136 2332 eodem
1152 2286 1274 2346 pertineat

169 2359 333 2418 suprwenr’nt,
342 2358 370 2405 id
378 2361 509 2407 atrociori
517 2361 698 2420 rssofils'oficrct
745 2361 844 2417 recepta
853 2357 917 2417 apud
927 2358 1219 2414 Pataineoitessuccessto,
1229 2361 1272 2407 sed

169 2447 264 2493 emese
277 2447 402 2493 mecum,
412 2441 433 2482 et
445 2449 529 2482 rursm
543 2436 566 2482 et
577 2436 697 2496 posterior
746 2433 870 2479 obscurius
878 2434 1002 2494 proposita
1011 2449 1026 2480 a
1035 2435 1196 2483 conentim
1211 2437 1272 2482 Por-

169 2507 697 2571 dnouementVincentioenmLib.11.:
745 2507 927 2568 phyrogeaneto
946 2507 976 2554 dc
994 2508 1209 2556 Administratione
1223 2509 1273 2556 Iss-

172 2582 220 2631 Oss'
234 2586 359 2632 madum
372 2589 557 2635 ousiarum
573 2586 697 2636 Gmmchs‘
741 2582 807 2641 perii
818 2597 841 2630 c.
851 2583 940 2631 xxxvii.
971 2586 1002 2630 ln
1016 2584 1097 2631 Dacia
1110 2586 1174 2632 idem
1189 2587 1271 2632 obser·

170 2660 241 2720 repis,
252 2674 279 2706 eo
289 2662 353 2721 quod
360 2663 439 2721 major
448 2663 552 2709 mattas
567 2668 632 2721 aret,
642 2676 696 2722 req·
744 2664 827 2706 vatum
842 2660 917 2706 tradit
932 2660 1058 2709 Crsatslus
1071 2662 1221 2710 Dareicorasa
1236 2676 1272 2710 rr.

169 2746 223 2779 asan
232 2734 293 2781 inter
302 2740 396 2795 nepotes
402 2738 551 2796 perstrictam
560 2737 695 2783 debebatur.
745 2740 771 2781 st
781 2734 936 2781 Sseds'eorsss
944 2748 970 2780 v.
999 2736 1080 2783 Etiam
1091 2738 1162 2784 Alhsa
1176 2752 1271 2786 sucees-

170 2808 511 2870 chsemperspeotaturnon
522 2824 645 2871 possessor
658 2810 696 2857 ul·
745 2808 777 2854 sit
794 2809 882 2854 AEness
901 2822 950 2855 nou
970 2809 1040 2856 Iulus
1057 2812 1161 2857 Ascanio
1182 2813 1272 2872 majore

170 2884 252 2943 timus,
272 2885 315 2931 sed
338 2885 431 2945 primus
454 2885 524 2944 regni
548 2884 693 2943 acquisitor:
744 2882 892 2930 filioAEneoe
901 2884 1104 2940 mtussedslter
1112 2885 1176 2932 lilius
1184 2887 1272 2935 AEnese

170 2960 235 3019 quod
245 2960 386 3006 mccedeudl
394 2959 603 3019 genusexipeane
613 2958 697 3005 Attica
745 2957 840 3006 Silvius.
871 2956 946 3018 [vno
960 2958 1034 3007 Dion.
1048 2959 1169 3008 Hsliosrn.
1187 2962 1270 3025 Astiq.

169 3033 282 3080 sumserit
295 3032 442 3090 (thedricus,
458 3034 499 3080 ubi
514 3034 539 3080 id
553 3033 656 3080 valuisse
669 3032 694 3079 in
744 3032 813 3079 Rosa.
829 3032 883 3079 Lib.
894 3046 912 3079 1.
929 3046 950 3081 c.
961 3033 999 3081 to.
1007 3038 1032 3080 et
1042 3035 1126 3081 Aurel.
1137 3036 1230 3088 Victor.
1241 3040 1271 3086 dc

170 3112 239 3155 textu
249 3108 403 3165 ostendimus,
413 3122 443 3155 sn
453 3121 510 3155 vero
523 3122 538 3154 a
552 3108 694 3169 quibusdam
746 3106 815 3168 Orty.
828 3106 911 3154 ossea
919 3107 1023 3155 Rom
1032 3122 1055 3158 c.
1066 3110 1094 3157 17
1097 3108 1118 3170 .]

171 3182 346 3244 Septentrionls
370 3184 446 3231 nostri
464 3184 568 3244 populls,
589 3183 695 3231 dubitari

170 3438 268 3492 Frank
280 3438 347 3492 Lan
362 3434 407 3505 [or
424 3436 499 3493 Solis
512 3434 603 3505 Lam]
647 3437 722 3503 This,
743 3452 774 3493 so
791 3436 837 3492 iar
853 3453 885 3493 es
899 3436 922 3492 it
936 3437 1030 3493 differs
1044 3437 1119 3494 from
1139 3437 1189 3496 the
1206 3457 1271 3512 cog-

170 3525 255 3591 natio,
269 3541 324 3579 rrae
335 3523 500 3579 introduced
511 3523 617 3596 mainly
628 3524 763 3579 withthis
773 3524 852 3589 view,
863 3521 927 3578 that
940 3522 990 3578 the
1001 3526 1107 3596 empire
1118 3524 1210 3597 might
1220 3532 1271 3582 not

169 3627 233 3683 pass
247 3617 277 3666 to
289 3610 399 3681 foreign
412 3609 498 3665 blood
510 3608 608 3681 hythe
621 3610 771 3681 marriages
780 3610 814 3664 of
825 3609 874 3665 the
888 3609 991 3664 female
1004 3610 1150 3665 branchos.

224 3696 259 3751 In
278 3696 349 3751 both
367 3696 447 3751 these
465 3696 550 3750 linesi
567 3696 745 3760 successione,
762 3694 843 3751 those
860 3712 909 3750 are
923 3695 1060 3751 admitted
1074 3695 1137 3751 who
1151 3712 1200 3751 are
1214 3695 1269 3751 dis-

169 3788 232 3837 tent
243 3799 314 3839 eren
327 3782 358 3837 in
372 3781 423 3836 the
438 3788 514 3837 most
527 3786 636 3837 remote
648 3781 750 3855 degree
761 3780 836 3836 from
849 3780 899 3837 the
910 3781 964 3837 laet
975 3798 1126 3853 possemor,
1134 3782 1270 3854 provided

169 3868 237 3941 they
248 3868 370 3925 descend
381 3867 455 3923 hom
467 3866 517 3923 the
528 3868 589 3923 first
600 3868 676 3939 king.

223 3954 316 4009 There
337 3971 386 4009 are
407 3970 485 4010 some
506 3970 583 4010 cases
602 3953 691 4018 when,
712 3952 813 4026 failing
833 3952 884 4009 the
904 3955 1016 4026 agnatio
1034 3953 1201 4021 sucemeion,
1218 3954 1270 4011 the

169 4040 297 4111 cognatio
310 4040 335 4093 is
349 4038 527 4095 substituted.

224 4124 335 4179 XXIV.
361 4124 451 4178 Other
464 4125 561 4181 modes
572 4126 769 4182 ofeuccession
781 4126 841 4181 aleo
851 4142 917 4199 may
925 4126 963 4182 be
975 4126 1140 4182 introduced
1155 4126 1269 4181 accord-

169 4210 219 4280 ing
232 4216 262 4263 to
276 4208 326 4264 the
337 4208 394 4263 will
410 4208 444 4263 of
458 4208 507 4265 the
519 4212 629 4282 pcople,
645 4229 678 4267 or
690 4211 729 4283 by
740 4213 790 4268 the
803 4212 861 4267 will
881 4212 914 4267 of
929 4210 979 4265 the
992 4211 1171 4282 patrimonial
1188 4227 1268 4266 aore-

169 4295 257 4365 reign.
275 4294 332 4349 For
342 4294 477 4359 instance,
488 4294 526 4349 he
537 4313 603 4367 may
614 4298 697 4352 settle
708 4297 771 4353 thet
783 4297 865 4352 those
876 4296 938 4351 who
950 4312 988 4350 on
999 4296 1068 4350 each
1080 4296 1209 4351 occasion
1219 4312 1269 4352 are

169 4384 281 4436 nearest
301 4387 331 4436 to
351 4379 471 4445 himself,
488 4376 547 4451 [see
562 4381 698 4439 Grotius’a
718 4377 797 4452 note]
819 4381 920 4437 should
934 4381 1052 4435 eucceed
1068 4387 1099 4436 to
1118 4380 1168 4436 the
1187 4382 1268 4453 king-

170 4465 252 4522 dom:
271 4483 302 4522 as
317 4472 446 4539 amongst
466 4464 515 4523 the
535 4466 703 4525 Numidiam
724 4467 869 4539 formerly,
883 4466 898 4521 1
912 4482 1032 4539 suppose
1050 4465 1088 4537 by
1106 4482 1184 4523 some
1198 4466 1268 4523 euch
