3234 5125
571 349 872 407 PROLEGOMENA.
1211 342 1278 409 lxiii

130 586 132 591 ,
171 513 293 597 αἵματα
322 514 483 601 πολέμων,
517 539 619 605 neque
650 540 758 585 eornm
791 519 846 607 qui
886 516 1121 586 christianismo
1158 519 1277 587 recenti

173 638 286 683 nomen
315 617 478 696 dederunt,
504 618 587 705 qnod
615 618 706 685 valde
732 619 902 707 optandum
931 618 1055 686 iuerat:
1090 619 1184 685 etism
1208 620 1277 684 Ro-

172 737 337 781 menornnr
354 725 497 783 veterum
512 716 584 783 libri
604 717 644 783 de
661 717 736 804 jure
756 717 860 784 seeisli
874 717 952 783 nihil
967 718 1009 783 sd
1025 738 1083 784 nos
1096 719 1145 784 sni
1158 726 1276 806 prseter
1287 741 1421 832 pppprrpop

173 836 286 881 nomen
299 816 547 882 transmiserunt.
593 816 637 882 Hi
659 816 713 902 qni
735 838 871 883 summos
891 816 1035 883 iecerunt
1052 839 1177 883 ossuum
1198 840 1276 903 qnos
1359 812 1365 826 '
1390 817 1395 826 ⁴
1421 816 1426 827 '

172 921 285 980 vocent
299 914 501 991 conscientie,
524 922 561 981 ut
576 915 617 982 de
635 915 704 981 eliis
725 916 829 993 rebus,
852 916 899 981 its
919 916 1009 982 etde
1026 916 1118 995 bello,
1142 916 1182 983 de
1203 938 1275 1004 pro·

171 1011 282 1091 missis,
307 1012 348 1079 de
358 1014 547 1101 juramento,
570 1013 611 1079 de
626 1014 818 1101 repremsliis
834 1012 938 1101 capite
952 1015 1102 1081 fecerunt.

249 1112 293 1181 37
326 1112 402 1180 Vidi
418 1120 451 1179 et
467 1112 614 1199 speciales
629 1113 725 1179 libros
741 1116 781 1179 de
798 1115 887 1179 Belli
903 1117 987 1180 Jore
1008 1114 1123 1200 partim
1143 1136 1165 1179 n
1186 1114 1273 1180 theo-
1285 1115 1440 1209 m

172 1208 253 1299 legis
273 1210 413 1299 scriptos,
437 1218 472 1278 nt
498 1232 519 1277 s
545 1211 709 1277 Francisoo
730 1211 880 1289 Victoris,
908 1212 1049 1277 Henrico
1078 1213 1272 1291 Gorichemo,

173 1301 359 1375 ¹’Wilhelmo
386 1310 549 1387 Matthaei,
576 1311 691 1397 partim
716 1331 738 1376 s
763 1308 940 1376 doctoribus
967 1310 1059 1396 juris,
1089 1319 1126 1377 ut
1151 1312 1274 1377 Josnne

174 1408 273 1495 Lupo,
287 1409 471 1475 ³Frsnoisoo
487 1408 574 1485 Aris,
589 1410 614 1473 J
615 1430 714 1474 osnne
728 1408 768 1475 de
781 1409 933 1497 Ligneno,
948 1408 1086 1475 Martino
1101 1410 1271 1476 Lnudensit

173 1506 229 1571 sed
245 1506 279 1571 hi
295 1528 401 1573 omnes
425 1507 465 1573 de
480 1507 639 1573 uberrimo
655 1517 841 1595 argumento
856 1507 1039 1593 paucissima
1060 1508 1216 1584 dixerunt,
1241 1517 1274 1574 et

172 1604 218 1669 its
242 1603 391 1692 plerique,
418 1613 455 1671 nt
480 1605 547 1671 sine
575 1605 684 1671 ordine
709 1628 779 1693 qum
808 1606 959 1671 naturalis
985 1615 1058 1672 sunt
1082 1606 1173 1693 juris,
1203 1628 1274 1692 qnoe

173 1702 277 1780 divini,
303 1723 375 1789 quoe
390 1702 540 1791 gentium,
566 1725 637 1789 quse
657 1704 766 1781 civilis,
792 1724 863 1790 qum
883 1725 923 1769 ex
942 1705 1111 1771 esnonibns
1134 1705 1272 1781 veniunt,

171 1800 393 1886 permiscerent
408 1810 503 1888 etque
519 1802 756 1868 confunderent.

171 1958 282 2005 unffi
297 1958 372 2006 venes
385 1958 452 2006 1584.
468 1958 561 2004 Ibidem
571 1958 698 2017 reperiun-
746 1970 824 2004 rmus
840 1958 971 2013 Gsnsros,
988 1956 1126 2014 herdensis,
1143 1958 1173 2003 de
1188 1958 1273 2003 eodem

169 2040 210 2081 tnr
229 2036 346 2081 Josrsns
365 2035 461 2092 Leros,
477 2034 637 2095 Segobiensls,
657 2034 698 2079 De
746 2036 898 2093 argumento.
919 2031 1065 2088 Postremus,
1075 2032 1146 2077 simol
1156 2046 1210 2077 cum
1220 2032 1275 2077 Ar-

168 2108 238 2156 Bello
247 2114 271 2156 et
280 2110 445 2156 Bellatorr'tm
454 2125 462 2155 ι
478 2109 495 2155 J
497 2120 596 2155 ossrss
609 2107 624 2153 1
635 2107 698 2153 Lm-
746 2120 803 2164 sns,
813 2106 853 2153 De
862 2106 925 2153 Jsre
934 2111 956 2151 et
968 2105 1061 2167 Officiis
1073 2106 1182 2159 Bellier's,
1193 2106 1273 2153 editus

168 2196 245 2242 sero,
255 2183 423 2241 Bononiensis,
432 2184 473 2230 De
482 2184 571 2232 Bello.-
588 2188 613 2231 et
622 2183 697 2229 Mss-
746 2184 784 2227 est
794 2179 866 2227 etism
876 2177 984 2237 Lorsnli,
994 2192 1050 2226 snn.
1061 2177 1128 2225 1648.
1160 2177 1188 2225 J.
1199 2178 1231 2226 Β.

169 2406 327 2473 Conscieoee,
348 2408 420 2463 here
440 2406 606 2464 introduced
625 2407 763 2480 chapters,
780 2424 810 2461 es
832 2406 1001 2476 conceming
1019 2403 1102 2459 other
1114 2404 1217 2475 things,
1238 2419 1270 2459 eo

167 2495 337 2565 concerning
356 2510 422 2559 wer,
441 2494 610 2566 concerning
632 2494 776 2566 promises,
796 2493 967 2562 oonoerning
989 2490 1079 2555 osths,
1101 2490 1271 2560 concerning

167 2581 306 2722 repr-”lidi
319 2663 391 2720 hore
405 2663 464 2719 else
479 2680 545 2719 seen
560 2664 665 2736 special
683 2663 772 2718 books
792 2663 961 2731 oonceming
979 2658 1029 2715 the
1047 2661 1128 2715 sts
1143 2660 1177 2714 oi
1193 2659 1270 2725 Wsr,

168 2751 279 2806 written
293 2750 387 2822 partly
397 2748 436 2821 by
447 2749 629 2820 theologicos,
643 2765 674 2804 es
685 2749 801 2803 Frenois
813 2747 967 2810 Victoria*,
976 2746 1073 2817 llenry
1085 2737 1270 2812 (iorichemf,

170 2835 293 2890 Williem
312 2834 440 2890 Metthmi
458 2831 653 2902 [Methisonii
669 2832 814 2888 Jobsnnes
836 2833 873 2887 de
896 2831 966 2885 Osrt
1021 2826 1114 2900 ens‡;
1135 2845 1214 2884 some
1231 2830 1270 2901 by

170 2921 291 2975 Doctors
307 2919 340 2974 of
351 2921 425 2984 Leo,
439 2935 470 2974 es
484 2920 503 2975 J
504 2918 628 2973 ohsnnes
641 2919 739 2989 Lupus
744 2919 770 2988 5,
783 2917 899 2970 Francis
910 2915 991 2969 Aries
1000 2909 1026 2983 ΙΙ,
1036 2915 1189 2967 Joennese
1203 2913 1270 2982 Lig-

171 3021 245 3059 neno
253 3001 285 3068 1,
295 3005 434 3059 Martinus
442 3003 645 3058 neudensim.
670 3003 727 3057 But
738 3001 777 3056 sil
785 3000 866 3055 these
876 3000 949 3054 bere
960 2997 1022 3052 seid
1031 3013 1099 3068 very
1110 2997 1193 3060 little,
1202 3011 1270 3049 con·

171 3090 293 3160 sidering
312 3089 361 3145 the
376 3090 554 3160 eopiousness
576 3088 611 3142 of
620 3088 670 3142 the
684 3090 849 3158 srgrsmentc
871 3084 927 3138 end
940 3082 1001 3137 ssid
1015 3082 1039 3137 it
1052 3083 1083 3136 in
1097 3081 1166 3137 such
1178 3097 1196 3134 s
1209 3097 1271 3152 wey

171 3172 234 3229 tbst
247 3174 315 3246 they
328 3173 399 3229 hsre
418 3173 543 3244 mingled
561 3173 618 3227 end
636 3171 815 3228 confounded
828 3170 881 3225 lew
895 3167 1016 3230 nstnrel,
1030 3167 1084 3222 lew
1098 3167 1200 3232 divine,
1218 3165 1269 3220 lsrr

171 3259 206 3313 oi
216 3260 334 3325 ustione,
355 3259 419 3314 civil
433 3260 493 3324 lsrr,
507 3258 563 3312 end
578 3273 669 3312 eonon
682 3257 743 3311 lsw.

215 3388 229 3417 ⁸
244 3391 268 3438 Δ
285 3389 387 3451 Spsnlsh
403 3388 547 3435 Dominiesn
565 3388 621 3434 who
637 3388 701 3434 lived
717 3387 742 3432 in
759 3387 801 3433 the
818 3386 875 3434 torn
893 3388 1002 3444 century.
1032 3382 1086 3428 'l'be
1101 3380 1200 3426 herme
1212 3379 1270 3426 here

170 3463 307 3512 mentioned
321 3463 341 3509 is
355 3461 396 3510 De
409 3461 479 3510 Indis
492 3467 514 3508 et
528 3461 591 3509 Jurs
607 3461 681 3520 neus,
695 3461 744 3508 end
759 3472 862 3520 sppesrs
876 3470 966 3516 among
976 3456 1014 3501 bis
1027 3454 1115 3501 twelve
1125 3451 1271 3529 theologicnl

169 3531 280 3582 iectnres.

214 3613 226 3661 t
243 3608 267 3655 Δ
283 3605 422 3654 Dntehmsn
439 3619 466 3652 so
482 3605 568 3652 nomed
582 3605 645 3652 tronr
660 3603 702 3651 tbe
717 3604 786 3665 pisce
800 3602 829 3649 ot
840 3602 878 3648 his
890 3601 963 3657 birth,
976 3597 1025 3647 sod
1036 3597 1171 3644 chsncehor
1180 3597 1208 3643 oi
1220 3597 1269 3644 co·

169 3679 251 3742 logne.
282 3682 321 3728 He
335 3681 400 3728 lived
413 3682 488 3728 sbont
503 3682 545 3728 the
559 3681 649 3728 middle
664 3681 692 3728 of
703 3681 746 3728 the
760 3679 873 3726 lifteenth
885 3682 994 3738 oentnry,
1004 3677 1052 3723 sod
1061 3680 1138 3723 wrote
1148 3689 1164 3721 s
1172 3675 1270 3722 trestlse

169 3752 284 3802 Donato
292 3753 373 3800 Jusso.

213 3827 231 3890 ss
246 3828 292 3874 llis
306 3828 370 3874 book
380 3839 430 3872 rm
438 3827 536 3888 printed
545 3830 572 3873 st
580 3827 659 3873 Rome
667 3826 693 3872 in
703 3825 770 3876 1609.

214 3903 229 3963 ἓ
245 3904 269 3950 Α
284 3903 365 3950 ιιι11ιο
378 3903 406 3948 oi
418 3903 527 3962 Segorls.
559 3902 604 3947 His
618 3901 727 3948 Trestise
739 3902 780 3948 De
794 3899 865 3949 Bello
878 3904 901 3948 et
914 3902 1077 3950 Bethoron·
1089 3917 1144 3962 msy
1153 3903 1270 3949 befonnd

168 3975 193 4022 in
203 3991 219 4022 s
227 3977 294 4038 large
304 3977 430 4023 collection
441 3977 518 4022 oslled
531 3975 658 4023 stactem
671 3976 832 4023 statatum
854 3975 924 4023 Tem.
935 3989 991 4033 xrs,
999 3977 1164 4025 oftbeVeniee
1171 3976 1270 4033 edition,

169 4051 237 4098 1684.

216 4125 227 4184 ΙΙ
243 4124 268 4172 Α
278 4124 404 4185 Spenisrd.
435 4123 480 4171 His
494 4123 558 4171 book
573 4123 594 4170 is
609 4123 633 4170 in
643 4125 686 4172 the
697 4139 763 4172 seme
779 4125 874 4173 volume
884 4125 962 4173 orons
971 4141 1036 4175 seme
1045 4129 1180 4186 collection,
1192 4129 1271 4176 under

168 4197 211 4245 tne
225 4199 278 4246 title
288 4199 328 4246 De
336 4199 406 4246 Bello
416 4204 438 4245 st
447 4199 496 4256 eius
505 4199 619 4246 Jestteto.

213 4286 229 4327 q
244 4274 268 4319 A
279 4273 359 4319 nstire
370 4275 397 4318 oi
403 4273 522 4333 Bologns.
548 4273 593 4318 His
603 4271 711 4319 Trestise
720 4271 760 4320 De
769 4274 840 4321 Bello
849 4273 870 4319 is
878 4273 902 4319 ln
912 4273 954 4321 the
964 4289 1029 4322 seme
1038 4277 1140 4323 volume.

212 4345 240 4372 ⁵·
255 4347 300 4391 Eis
313 4358 383 4392 orme
395 4361 445 4392 rm
461 4347 546 4393 Gsrst.
574 4345 619 4392 His
634 4346 742 4392 Trestise
755 4347 796 4393 De
808 4347 879 4394 Bello
890 4361 992 4408 eppesrs
1006 4349 1031 4394 in
1047 4350 1089 4396 the
1099 4363 1164 4394 seme
1174 4347 1270 4394 roinme

168 4419 196 4466 oi
210 4419 252 4466 the
269 4419 411 4467 Collection.
443 4421 468 4466 11
486 4435 536 4466 rm
552 4421 675 4480 reprinted
690 4425 717 4468 nt
733 4419 842 4469 Lonvnin
858 4421 883 4466 in
902 4421 969 4480 1648,
983 4423 1043 4468 with
1061 4423 1102 4468 the
1119 4421 1228 4467 treclin
1245 4422 1273 4467 oi*

167 4495 253 4555 Apris,
263 4495 355 4554 spoken
365 4493 393 4540 oi
400 4495 546 4542 afterwards
