3234 5125
355 343 421 408 396
566 350 618 404 DE
639 348 993 414 AGQUISITIONIBUS,
1016 347 1108 412 QUAE
1128 345 1263 402 VULGO
1337 343 1416 413 [Luc.
1427 345 1476 399 11.

355 516 411 584 sed
444 515 486 580 ud
517 513 665 600 cujusquo
698 511 804 599 populi
837 511 1117 598 tranquillitatem:
1153 511 1238 575 unde
1267 519 1300 574 et
1332 510 1376 574 ab
1404 530 1476 574 unc

355 613 470 702 populo
493 612 561 678 allis
586 611 764 678 inconsultis
788 610 904 676 muteri
928 610 1040 698 potuit,
1056 609 1119 674 imo
1138 619 1172 674 et
1196 609 1256 674 boc
1278 607 1409 675 evenire
1430 617 1476 674 ut

354 713 423 778 eliis
449 711 523 778 locis
552 721 648 798 atque
674 709 868 798 temporibus
892 708 986 798 louge
1010 708 1090 774 alius
1119 730 1187 774 mos
1213 707 1395 784 communis,
1428 729 1474 772 ac

355 811 485 899 proinde
505 810 559 897 jus
585 810 726 900 gentium
753 808 923 895 improprie
949 808 1066 874 dictum
1084 807 1356 873 introduceretur:
1380 807 1472 892 qnod

355 921 389 976 et
404 932 517 977 revera
533 909 648 976 lactum
666 908 817 984 videmus,
835 928 876 972 ex
898 928 961 993 quo
985 907 1180 972 Germanice
1202 905 1346 972 nationes
1363 907 1470 971 Euro-

355 1029 427 1098 pam
443 1011 543 1076 ferme
565 1030 687 1074 omnem
709 1008 900 1074 inusserunt.
951 1005 1039 1073 Sicut
1063 1005 1145 1072 enim
1162 1006 1234 1070 olim
1245 1005 1323 1092 jura
1340 1006 1467 1082 Graecn,

356 1111 402 1177 ita
431 1118 505 1177 tunc
532 1107 719 1176 Germanica
744 1105 888 1172 instituta
917 1106 1031 1192 passim
1059 1113 1186 1192 recepta
1210 1113 1294 1182 sunt,
1318 1113 1354 1170 et
1381 1127 1468 1170 nnnc

356 1210 451 1276 etiam
468 1209 583 1297 rigent
634 1206 758 1272 Primus
778 1205 960 1291 acquirendi
980 1205 1090 1270 modus
1110 1203 1164 1290 qui
1183 1203 1266 1290 juris
1285 1202 1430 1292 gentium
1445 1226 1469 1268 a

356 1307 504 1374 Romanis
528 1306 650 1382 dicitnr,
677 1312 727 1371 est
750 1304 912 1391 occupatio
936 1326 1043 1369 eorum
1067 1324 1139 1390 qum
1160 1303 1274 1368 nullius
1289 1310 1385 1368 sunt:
1412 1303 1468 1388 qui

355 1407 465 1474 modus
481 1405 566 1471 haud
583 1404 677 1471 dubie
694 1412 741 1470 est
761 1404 923 1478 naturalis,
943 1425 981 1469 eo
999 1424 1061 1491 quo
1083 1401 1149 1468 dixi
1165 1423 1267 1477 seusu,
1284 1401 1466 1468 introducto

352 1506 419 1592 jam
445 1503 589 1582 dominio,
617 1513 650 1570 et
672 1503 822 1591 quamdiu
852 1502 939 1569 eliud
969 1502 1021 1567 lex
1049 1501 1135 1566 nulle
1159 1499 1329 1567 constituit.
1380 1502 1468 1566 Nam

356 1613 390 1672 ot
406 1605 575 1671 dominium
591 1626 612 1669 ι
628 1602 698 1694 lege
715 1601 797 1668 cirili
815 1602 893 1668 effici
908 1609 1020 1688 potest

434 1703 478 1770 11.
530 1703 581 1769 Ad
607 1704 666 1768 hoe
696 1710 789 1789 caput
815 1702 951 1767 refertur
978 1701 1113 1788 primum
1146 1711 1279 1791 captura
1311 1701 1466 1776 ferarum,

356 1802 471 1880 avium,
500 1801 637 1892 piscium.
684 1801 749 1867 Sed
781 1802 851 1866 haec
877 1800 980 1866 omnia
1006 1799 1154 1887 quamdiu
1184 1803 1299 1868 nullius
1330 1801 1468 1866 dicenda

195 1925 336 1965 amne
357 1903 428 1981 siut,
455 1903 625 1990 questione
650 1923 713 1967 non
735 1909 830 1966 caret
881 1901 991 1966 Nerva
1009 1899 1090 1966 filius
1110 1900 1209 1986 pisces
1225 1899 1329 1987 quiin
1345 1898 1468 2012 pincipe

194 1972 344 2102 *ᾞξ
358 2012 431 2070 suut
446 2001 598 2118 possideri
615 2021 635 2066 a
651 1999 740 2066 nobis
756 1999 812 2076 ait,
829 2021 892 2064 uon
909 1999 962 2086 qui
985 1999 1018 2063 in
1034 2007 1167 2088 stagno.
1192 2009 1225 2066 et
1241 2000 1325 2065 feras
1341 2020 1416 2085 quae
1433 1997 1467 2062 in

194 2066 302 2110 ΑΜ
358 2101 476 2168 vivario
493 2110 566 2168 sunt
581 2100 715 2176 iuclusae,
733 2121 795 2164 non
812 2121 883 2186 quie
896 2099 930 2163 iu
946 2098 1031 2164 siluis
1048 2099 1277 2187 ²circumseptis
1294 2107 1464 2187 vagantur.

356 2202 456 2288 Atqui
489 2201 587 2290 pisces
619 2221 684 2265 non
716 2198 817 2264 minus
849 2207 961 2287 stagno
987 2197 1111 2285 privato
1139 2197 1341 2264 includuntur
1369 2218 1465 2284 quam

358 2301 484 2388 piscina,
504 2309 537 2365 et
559 2299 643 2364 leros
664 2319 726 2362 uon
750 2297 851 2363 minus
872 2304 1017 2363 coercent
1037 2295 1125 2362 silroe
1148 2297 1230 2364 bene
1248 2297 1464 2382 circumseptae

401 2455 413 2484 ’
427 2456 463 2503 Δι
480 2468 537 2502 vero
550 2455 575 2500 ln
591 2455 643 2504 Lib.
661 2469 702 2502 ιιι.
720 2457 732 2516 §
748 2459 779 2502 14
797 2457 828 2503 D.
845 2457 886 2504 Da
933 2455 1008 2504 Perus
1017 2456 1072 2503 ride
1086 2469 1141 2516 qua
1150 2455 1253 2502 diximus
1262 2455 1293 2501 nd
1302 2455 1465 2502 Portunon·

356 2530 454 2591 adquir.
471 2529 508 2576 oei
527 2529 604 2577 omitt.
621 2543 723 2591 poscas.
743 2529 883 2591 legendum,
934 2543 1001 2578 ιιιιι
1018 2535 1134 2589 nocuum,
1149 2530 1190 2577 De
1204 2529 1267 2578 dere
1280 2530 1343 2578 Nat.
1355 2535 1380 2577 ct
1394 2529 1464 2577 Gau.

356 2606 517 2667 quatumvis
527 2604 745 2665 sondrcumceptis
752 2610 882 2665 ιαφωιιινι
933 2606 988 2653 Lib.
999 2621 1035 2653 rw.
1052 2621 1105 2666 cap.
1116 2608 1149 2653 vl.
1167 2606 1215 2666 56.
1233 2613 1328 2667 eteeqq.
1344 2608 1371 2653 in
1387 2607 1465 2653 alten

355 2686 392 2739 nt,
409 2684 465 2742 post
482 2680 567 2726 Franc.
584 2679 773 2737 Hotomannum,
789 2682 884 2741 probat
933 2681 1066 2741 presertim
1079 2679 1201 2728 Edltlom.
1230 2680 1257 2728 J.
1269 2682 1301 2728 B.

357 2756 454 2804 clerieo.
469 2756 571 2813 Noour,
590 2754 651 2802 Obs.
668 2768 686 2801 ι.
705 2768 734 2801 ιι.
770 2755 885 2803 Cetemm
979 2754 991 2788 δ
1009 2755 1080 2815 Quod
1093 2756 1122 2800 cb
1136 2755 1304 2817 difficillima
1315 2756 1463 2815 pum-

358 2833 388 2879 de
398 2830 558 2891 adqulsltlone
573 2834 599 2876 et
608 2828 735 2875 amissione
745 2828 846 2876 dominii
860 2830 885 2874 in
933 2843 985 2875 nesi
993 2844 1088 2889 enspro
1097 2828 1217 2876 derelictis
1226 2830 1312 2876 iuben
1325 2828 1462 2889 aedunt]

358 3046 533 3117 tranquillity
556 3046 587 3101 ol
609 3046 678 3101 each
703 3048 821 3120 people:
845 3046 959 3102 whence
981 3049 1005 3102 it
1026 3048 1117 3120 might
1139 3048 1177 3103 bo
1197 3047 1325 3119 changed
1344 3048 1385 3120 by
1407 3066 1464 3105 one

357 3131 459 3203 people
474 3131 592 3187 without
607 3132 767 3204 consulting
787 3133 898 3197 others3
920 3133 977 3187 and
994 3133 1053 3189 also
1071 3135 1095 3188 it
1112 3133 1204 3205 might
1218 3133 1332 3206 huppen
1346 3134 1411 3189 thet
1431 3136 1464 3189 in

357 3218 469 3271 various
483 3216 577 3289 pleone
592 3218 649 3272 aud
662 3218 754 3282 times,
767 3236 836 3290 very
849 3218 981 3274 different
993 3236 1103 3291 usagee,
1117 3220 1173 3273 end
1187 3220 1262 3284 thus,
1273 3220 1408 3275 different
1414 3222 1464 3293 jue

356 3304 476 3373 centium
487 3303 659 3376 improperly
673 3318 704 3358 so
726 3305 845 3368 termed‚
861 3303 953 3375 might
969 3304 1007 3359 be
1023 3304 1205 3361 introduced:
1224 3305 1326 3368 which,
1340 3322 1383 3359 we
1405 3323 1462 3370 see,

358 3388 516 3461 happened,
530 3391 561 3444 in
574 3392 642 3455 fact,
659 3388 734 3443 from
749 3391 798 3445 the
816 3391 885 3444 time
899 3390 963 3446 that
976 3390 1026 3445 the
1041 3392 1192 3445 Germanic
1212 3392 1324 3446 natione
1339 3392 1462 3446 invaded

358 3475 460 3530 almost
470 3475 519 3529 the
534 3477 624 3532 whole
636 3474 670 3531 oi
683 3476 805 3547 Europe.
844 3476 902 3531 For
914 3492 946 3530 ιι
960 3474 1010 3532 the
1020 3476 1087 3532 lewe
1101 3476 1135 3532 of
1144 3476 1253 3532 Greoce
1266 3476 1412 3548 formerly,
1429 3495 1461 3533 so

357 3578 422 3617 now
436 3561 587 3619 Germanic
604 3561 782 3618 Institutione
796 3578 846 3616 are
863 3561 1041 3634 everywhere
1061 3562 1199 3628 received,
1216 3562 1272 3617 end
1287 3579 1337 3618 ιιι
1353 3562 1414 3617 still
1430 3566 1461 3618 in

358 3646 509 3720 authority.

416 3732 477 3788 The
492 3732 553 3788 tlrst
567 3732 651 3788 mode
666 3732 700 3788 of
710 3734 855 3805 acquiring
866 3732 1022 3805 ownenhip
1036 3733 1126 3790 which
1141 3734 1165 3790 ia
1179 3734 1271 3790 called
1284 3734 1324 3806 by
1336 3732 1387 3790 the
1401 3735 1461 3791 Ro-

357 3818 438 3871 mans
455 3818 530 3887 jum
548 3820 676 3887 pontium,
696 3818 720 3872 ie
735 3820 785 3874 tho
802 3820 970 3891 occupation
984 3819 1018 3874 ol
1028 3819 1123 3892 things
1139 3820 1231 3875 which
1252 3820 1356 3892 belong
1373 3827 1405 3876 to
1423 3838 1460 3875 no

357 3916 412 3956 one
424 3902 479 3969 (ree
490 3900 622 3967 molliunt·
636 3902 727 3956 which
739 3904 824 3958 mode
838 3905 871 3969 is,
882 3898 1034 3971 doubtlesi,
1043 3906 1157 3961 natural
1170 3907 1200 3960 in
1212 3905 1262 3961 tho
1276 3923 1358 3962 sense
1369 3906 1461 3962 which

357 3988 372 4041 1
386 3986 457 4039 hare
468 3985 646 4050 mentioned3
661 3988 817 4058 ownership
828 3988 914 4060 being
924 3990 1065 4061 supposed
1079 3997 1110 4047 to
1124 3992 1161 4047 be
1171 3992 1347 4056 introduced,
1360 3994 1418 4047 aud
1429 4009 1460 4047 es

356 4073 424 4143 long
438 4086 469 4124 as
483 4070 532 4124 the
547 4070 600 4123 low
613 4068 664 4125 has
678 4071 761 4127 mede
774 4088 813 4125 no
825 4072 908 4129 other
919 4076 1122 4146 appointment
1156 4079 1214 4132 For
1225 4077 1383 4151 ownemhip
1395 4096 1462 4150 may

356 4158 416 4214 also
430 4158 496 4213 take
510 4155 591 4229 place
601 4156 640 4230 by
653 4156 702 4213 the
715 4158 786 4211 Oivll
800 4158 875 4214 Low.

362 4268 366 4276 ·
415 4245 454 4299 11.
482 4244 524 4299 'l'o
535 4244 592 4299 this
603 4244 678 4300 head
691 4244 714 4298 is
726 4244 861 4311 referred,
871 4246 941 4312 hrot,
951 4246 1002 4303 the
1016 4249 1174 4321 captureol
1181 4249 1247 4304 wild
1257 4249 1361 4312 beasts
1372 4248 1460 4313 birds,

357 4330 450 4387 fishes.
495 4332 552 4385 But
565 4330 630 4386 how
643 4331 710 4401 long
723 4330 803 4387 these
822 4349 870 4388 ure
884 4350 926 4388 ree
942 4334 1054 4398 ιιιιιίιι,
1067 4335 1171 4407 belong
1188 4342 1218 4391 to
1232 4352 1270 4391 no
1288 4337 1391 4401 one,ie
1409 4340 1460 4389 not

357 4416 476 4471 without
489 4417 627 4486 question.
664 4418 694 4472 N
694 4434 760 4472 erra
781 4434 853 4490 says,
873 4418 936 4473 that
946 4418 1030 4474 hahes
1044 4422 1075 4474 in
1095 4437 1113 4475 a
1127 4421 1264 4493 pondere
1279 4438 1353 4486 oure,
1376 4421 1459 4476 lichen

357 4502 388 4555 in
401 4518 419 4554 ι
431 4501 495 4556 lake
506 4518 555 4558 ιιι
566 4508 617 4557 not
624 4522 633 4569 ι
647 4502 740 4559 beosts
752 4503 844 4559 which
857 4518 906 4560 aro
916 4504 948 4559 in
957 4521 976 4560 ι
986 4506 1058 4578 park
1068 4523 1118 4563 are
1130 4522 1203 4572 ouis,
1212 4515 1263 4562 not
1275 4508 1357 4564 thone
1368 4506 1461 4563 which
