3234 5125
167 1703 217 1752 0²9·
226 1702 245 1747 t·

333 328 397 391 208
589 336 642 389 DE
664 335 778 389 BELLI
800 333 945 399 csusIS,
966 335 1017 390 ΕΤ
1039 334 1197 391 PRIMUM
1306 333 1378 402 [Lm.
1392 337 1432 394 ΙῙ.

332 500 425 567 liceat
444 499 597 565 destinato
614 499 647 565 id
662 500 776 579 iacere,
793 499 877 565 unde
897 521 981 565 mors
997 498 1194 588 aggressoris
1214 499 1255 566 sit
1278 508 1432 579 secutura,

332 599 388 665 sed
413 599 495 685 quod
524 597 576 664 hic
601 621 684 663 mors
711 598 765 663 illa
788 620 852 663 non
881 598 1024 686 eligatur,
1052 608 1087 664 ut
1111 598 1259 686 quiddam
1285 599 1432 687 primario

332 698 494 773 intentum,
513 697 591 764 sicut
606 696 639 761 in
656 697 815 783 punitione
827 697 976 783 judiciali,
994 699 1049 763 sed
1074 707 1109 764 ut
1135 698 1268 777 unicum,
1287 701 1371 785 quod
1394 723 1432 766 eo

334 806 473 883 tempore
498 796 658 883 suppetit3
684 795 803 861 cumis
831 797 884 883 qui
907 797 1064 883 impetitus
1084 797 1152 884 jam
1176 807 1233 874 est,
1260 799 1355 864 etiam
1380 800 1432 865 illo

332 906 475 982 tempore
490 896 581 960 malle
598 896 710 961 debeat
728 895 791 960 talo
807 895 925 981 aliquid
942 897 1054 973 iacere,
1071 918 1133 982 quo
1153 897 1235 963 alter
1257 899 1433 966 absterrea-

333 1004 395 1072 tur,
411 1002 467 1060 aut
484 993 674 1069 debilitetur,
691 1016 783 1080 quam
799 1016 861 1080 quo
878 995 1021 1061 intereat.

408 1095 448 1160 V.
490 1095 510 1158 1
544 1086 730 1159 ¹Periculum
761 1115 900 1179 praesens
926 1093 977 1159 hic
1002 1094 1183 1181 requiritur,
1213 1105 1246 1162 et
1279 1097 1368 1182 quasi
1399 1098 1431 1164 in

333 1201 457 1279 puncto.
509 1194 626 1258 Fateor
646 1192 781 1279 quidem,
805 1192 831 1257 si
857 1192 1020 1261 insultator
1042 1215 1130 1258 arma
1152 1194 1293 1282 arripiat,
1316 1206 1348 1262 et
1365 1197 1432 1283 qui·

333 1291 464 1357 domita
480 1299 516 1357 ut
531 1301 684 1378 appareat
700 1313 769 1356 eum
786 1291 820 1356 id
844 1292 948 1358 iacere
967 1292 1125 1358 occidendi
1148 1293 1260 1370 animo,
1284 1297 1430 1383 occupari

333 1411 423 1477 posse
447 1389 587 1456 facinus:
614 1407 686 1455 nam
710 1390 742 1456 in
763 1391 943 1469 moralibus,
960 1401 995 1458 ut
1016 1401 1049 1458 et
1070 1392 1101 1456 in
1121 1393 1315 1460 naturalibus
1337 1416 1431 1482 punc-

333 1500 400 1555 tum
416 1511 478 1554 non
502 1488 659 1556 invenitur
676 1488 743 1555 sine
758 1489 864 1575 aliqua
883 1489 1066 1556 latitudine:
1096 1491 1151 1557 sed
1173 1491 1305 1559 mrdtum
1320 1493 1430 1559 fallun-

332 1597 385 1654 tur
410 1596 443 1653 et
465 1588 587 1666 iallunt,
608 1587 662 1675 qui
687 1597 802 1654 metum
828 1588 1081 1675 qualemcumque
1106 1591 1147 1656 ad
1168 1591 1221 1677 jus
1244 1593 1430 1679 occupandae

331 1686 555 1754 interiectionis
578 1687 757 1754 admittunt.
804 1688 889 1753 Vere
914 1687 996 1752 enim
1021 1688 1136 1754 dictum
1163 1698 1212 1755 est
1236 1712 1256 1756 a
1282 1692 1431 1757 Cicerone

332 1786 433 1873 primo
455 1787 496 1852 de
517 1786 639 1853 officiis:
664 1786 814 1872 plurimas
833 1785 961 1872 injurias
982 1795 1104 1853 ametu
1126 1789 1285 1875 proficisci,
1306 1813 1376 1856 cum
1392 1791 1429 1867 is,

332 1885 386 1972 qui
408 1907 521 1952 nocere
537 1884 629 1951 alteri
645 1885 772 1974 cogitat,
791 1884 890 1962 timet,
910 1908 950 1951 ne
973 1885 1032 1949 nisi
1055 1886 1088 1951 id
1109 1888 1254 1966 secerits
1246 1910 1312 1976 rpse
1328 1889 1430 1976 aliquo

167 2001 320 2086 per-mor
332 1984 484 2053 afficiatur
514 1985 717 2050 incommodo.
764 1984 933 2050 Clearchus
966 1985 1049 2072 apud
1080 1987 1339 2074 Xenophontem.
1376 1988 1430 2056 καὶ

333 2076 403 2177 ’γαρ
425 2078 498 2152 οἶδα
515 2076 575 2164 ἤδη
591 2079 790 2201 ανθρώπονν,
815 2081 893 2155 ‘roric
914 2113 975 2161 μεν
997 2080 1032 2151 ἐκ
1052 2077 1221 2171 διαβολῆς,
1240 2117 1317 2158 τους
1334 2079 1369 2156 di
1390 2085 1431 2212 d}

333 2181 489 2274 ὑποψίας,
508 2214 537 2250 οι
525 2176 773 2274 φοβηθέντες
790 2177 970 2264 ἀλλήλους,
991 2179 1123 2275 φθάσαι
1138 2181 1331 2305 βουλόμενα
1350 2186 1430 2276 πρὶν

332 2277 492 2357 παθεῖν,
478 2281 636 2358 coccineae
652 2276 822 2359 ἀνήκεστα
843 2277 923 2348 rard
940 2278 1017 2356 ‘rode
1041 2276 1119 2351 cliro
1136 2279 1385 2366 μέλλοντας,
1350 2315 1430 2354 oure

330 2375 553 2464 βουλομένους
568 2383 720 2446 τοιοῦτον
737 2372 838 2448 ουδέυ·
864 2383 982 2446 πιαίνου
1005 2404 1061 2466 ego
1077 2385 1162 2459 novi,
1184 2387 1241 2467 qai
1261 2387 1430 2452 calumnia

332 2481 470 2544 adducti
495 2491 553 2542 cut
580 2481 770 2564 neptem
796 2482 873 2544 dum
901 2492 1046 2546 metuont
1069 2483 1162 2558 alios,
1192 2496 1222 2548 ct
1249 2487 1431 2570 prevenire

330 2578 458 2642 malunt
475 2600 577 2665 qaam
590 2580 727 2662 perpeti,
744 2581 958 2645 atrocissimis
973 2582 1073 2647 malis
1090 2604 1140 2647 cos
1162 2586 1346 2667 affecerunt,
1369 2587 1431 2670 qui

329 2678 421 2741 nihil
436 2678 501 2743 talc
508 2679 645 2762 facturi
653 2679 804 2762 siceram,
817 2701 856 2745 ac
872 2700 912 2745 oc
927 2682 1149 2764 cogitaverant
1165 2682 1306 2767 quidem.
1350 2684 1429 2749 Cato

256 2796 272 2823 ¹¹
329 2775 362 2841 in
387 2775 528 2842 oratione
551 2796 610 2862 pro
635 2768 883 2842 Rhodiensibus:
914 2780 1000 2864 qood
1025 2779 1099 2844 illos
1124 2780 1267 2847 dicimus
1292 2784 1429 2849 uoluisse

327 2967 392 3010 trum
408 2961 449 3009 De
467 2961 529 3009 Jerc
547 2960 608 3008 Not.
626 2965 648 3008 ct
670 2960 738 3009 (icat
753 2960 807 3010 Lib.
824 2974 853 3007 ιι.
903 2973 956 3007 vat·
984 2961 1124 3009 cariturum
1142 2963 1242 3021 inuidia,
1265 2966 1288 3011 α’
1311 2966 1429 3026 hincjam

327 3039 412 3099 caph.
442 3037 471 3085 J.
481 3037 512 3084 B.
903 3036 994 3083 inviter
1002 3038 1121 3097 peripooc
1134 3039 1429 3100 adducturpericulum,d

372 3111 379 3145 ¹
393 3111 530 3158 Periculum
536 3110 650 3171 ρναοοιιν]
666 3110 853 3170 qunodistinc-
903 3110 948 3157 hoc
961 3116 983 3158 et
997 3113 1067 3158 aliud
1080 3114 1175 3173 quiduis
1187 3116 1430 3178 uppmdiaturpotiur

326 3186 399 3233 tionis
412 3200 481 3232 usum
498 3188 623 3246 egregium
638 3187 692 3233 ride
707 3187 772 3246 apud
785 3186 853 3244 Aga·
903 3200 973 3245 quam
987 3188 1018 3233 ah
1035 3187 1166 3235 hominihus
1178 3190 1347 3239 inimicissimis
1357 3194 1430 3253 perdi

327 3261 444 3307 thiamr.
456 3261 623 3321 [ubideeaedc
638 3261 772 3321 dabecho.
784 3264 805 3307 1.
818 3261 852 3322 2.]
902 3261 1008 3308 recinat.
1031 3262 1120 3322 [Locus
1130 3265 1241 3325 est5t50.
1273 3268 1321 3314 ed
1332 3270 1373 3315 ubi
1389 3284 1429 3315 ca-

327 3337 402 3396 Apnd
413 3337 576 3396 Thucydidem
586 3337 674 3383 Octauo
682 3336 850 3396 Phrynichus:
903 3350 943 3381 suo
958 3338 1019 3383 alius
1033 3342 1078 3397 est,
1093 3353 1164 3399 quam
1177 3342 1208 3387 de
1218 3355 1266 3401 quo
1276 3342 1329 3389 heio
1338 3344 1427 3403 agitur.

327 3410 369 3458 ὅτι
383 3410 551 3471 α’νοπίφθουον
566 3412 590 3459 ol
604 3411 649 3467 ἤδη
671 3411 709 3466 cin
726 3411 786 3471 περὶ
806 3413 853 3465 τῆς
901 3411 983 3473 J.B.]

326 3485 413 3545 ψυχῆς
433 3486 464 3530 δι’
489 3486 594 3533 inchoes
616 3488 780 3533 κινδυνεύοντι
810 3486 853 3533 καὶ
948 3487 1206 3549 ⁸ltuqnoquehahet
1221 3492 1245 3537 iu
1259 3492 1428 3554 Erccrpticeae

326 3559 406 3605 τοῦτο
422 3559 464 3605 καὶ
478 3559 545 3607 ἄλλο
560 3576 587 3605 τι
602 3558 633 3605 (ἲν
648 3560 739 3618 δρᾶσαι
753 3560 853 3620 μᾶλλον
906 3562 978 3622 Traq.
988 3568 1010 3610 ct
1022 3562 1087 3611 Com,
1101 3564 1332 3627 Groecic,pog.390:
1343 3582 1428 3629 quam·

326 3632 399 3686 ιῖὑπδ
418 3634 471 3679 τῶν
481 3633 607 3693 ἔχθιστον
622 3634 700 3679 αὑτὸν
714 3633 853 3693 διαφθαρῇ·
902 3650 974 3695 quam
990 3639 1063 3684 rerba
1077 3642 1217 3700 ceteroquin
1232 3656 1279 3689 nou
1292 3643 1364 3703 plane
1379 3644 1428 3692 sint

327 3880 353 3933 if
367 3897 404 3935 no
422 3881 505 3937 other
518 3901 578 3955 way
593 3886 626 3940 of
644 3886 735 3959 safety
748 3904 863 3960 appear,
881 3891 904 3945 it
921 3908 987 3963 may
1003 3898 1054 3947 not
1072 3892 1108 3948 be
1123 3893 1218 3948 lawiul
1234 3900 1262 3948 to
1275 3893 1311 3948 do
1324 3891 1387 3948 that
1398 3894 1432 3948 of

327 3971 372 4019 set
387 3983 518 4037 purpose,
535 3970 626 4025 which
647 3974 702 4026 will
721 3991 804 4029 cause
822 3974 871 4031 the
893 3976 977 4031 death
1000 3978 1034 4033 of
1053 3978 1101 4033 the
1119 3996 1273 4050 aggressor,
1290 3979 1343 4034 hut
1365 3978 1428 4034 that

327 4050 396 4105 such
411 4052 494 4107 death
508 4054 531 4109 is
543 4062 594 4110 not
606 4058 708 4113 choson
723 4076 753 4114 aa
768 4061 927 4134 something
940 4064 1086 4136 primarily
1100 4065 1244 4129 intended,
1263 4082 1293 4120 us
1308 4066 1337 4119 in
1351 4065 1427 4135 judi·

328 4136 382 4192 cial
395 4138 577 4209 punishment
595 4143 619 4197 it
637 4144 670 4208 is,
683 4144 736 4199 but
750 4146 772 4200 it
786 4148 810 4201 is
825 4147 929 4203 chosen
940 4166 971 4204 as
985 4148 1035 4205 the
1050 4151 1117 4222 only
1130 4150 1212 4221 thing
1222 4150 1312 4205 which
1325 4152 1348 4205 is
1360 4150 1429 4205 then

328 4224 465 4295 possible;
482 4226 559 4281 since
575 4228 613 4284 he
630 4229 691 4284 who
709 4230 733 4286 is
751 4233 891 4299 attaoked,
910 4250 979 4289 even
998 4236 1066 4290 then
1081 4236 1170 4307 ought
1186 4242 1216 4291 to
1234 4236 1272 4291 do
1293 4236 1429 4309 anything

328 4309 367 4380 by
380 4310 470 4366 which
485 4311 534 4367 the
547 4315 681 4370 assailsnt
701 4334 767 4389 may
784 4319 820 4373 hc
842 4320 940 4375 scared
961 4338 1047 4394 away,
1068 4338 1101 4377 or
1120 4321 1253 4394 deprived
1275 4322 1308 4377 oi
1326 4339 1430 4393 power,

329 4396 425 4452 rather
438 4398 507 4453 than
518 4399 557 4472 by
571 4400 662 4456 which
673 4402 711 4457 he
724 4420 789 4476 may
800 4405 837 4460 be
849 4406 945 4461 killed.

383 4484 419 4537 V.
457 4491 471 4539 1
494 4488 614 4544 Present
632 4488 739 4560 danger
752 4490 776 4545 is
791 4490 860 4547 here
874 4492 1013 4564 required,
1030 4493 1085 4548 aud
1101 4494 1249 4549 imminent
1268 4494 1297 4547 in
1316 4510 1335 4548 a
1348 4494 1429 4565 point

871 4590 890 4627 ιι
