3234 5125
96 295 101 301 ’
191 333 259 388 om.
274 327 339 398 1u]
414 370 418 374 Α
591 331 635 386 rr
658 333 910 390 SUPERIORES.
1231 330 1292 393 19]v

189 500 268 562 dum
284 497 322 561 in
337 496 484 562 omnihus
495 498 602 580 patri,
622 500 659 562 in
675 520 711 564 co
733 521 797 564 non
807 503 996 584 parotidum
1013 523 1075 588 quo
1092 504 1236 587 efficitur,
1254 526 1293 569 ue

183 608 284 683 pater
305 597 361 661 eit.

264 695 324 758 XI.
376 695 508 772 Quarto,
530 693 672 761 nitidem
695 696 855 764 Barolniue
876 696 977 764 emitti
999 721 1142 788 regnum,
1166 692 1213 766 kei
1234 722 1292 768 rex

189 815 265 860 vere
287 793 394 859 hostili
418 793 521 859 animo
557 793 590 859 in
620 794 716 860 totius
742 797 848 883 populi
877 795 1005 862 exitium
1032 799 1173 866 scrutur:
1208 801 1293 886 quod

189 893 342 959 concedo:
370 892 538 960 consistere
560 893 641 958 enim
666 893 757 960 simul
782 918 846 962 non
872 907 1001 982 possunt
1028 897 1171 964 voluntas
1196 897 1293 986 impc-

189 991 280 1058 randi
302 1002 336 1058 et
355 993 499 1059 voluntte
525 991 695 1078 perdendi:
718 1015 817 1080 quare
842 994 896 1081 qui
913 1017 946 1060 se
969 995 1088 1062 hostem
1115 997 1221 1083 populi
1245 1009 1292 1066 to-

189 1089 252 1156 tius
268 1091 442 1176 profitetur,
467 1091 546 1156 iseo
563 1090 630 1177 ipso
649 1093 774 1160 abdicat
796 1115 947 1182 regnum:
973 1095 1028 1161 eed
1046 1094 1101 1162 vix
1119 1096 1243 1162 videtur
1259 1097 1292 1164 id

190 1189 330 1256 cocidere
351 1212 441 1276 poree
462 1189 495 1254 in
515 1211 593 1278 rege
614 1191 726 1257 mentis
747 1203 898 1278 compote,
917 1192 970 1278 qui
991 1194 1043 1259 uni
1061 1193 1174 1280 populo
1196 1195 1292 1284 impe-

189 1299 248 1354 ret.
302 1289 394 1368 Quod
417 1290 444 1355 ei
468 1289 609 1377 pluribus
632 1291 754 1377 populis
776 1290 918 1379 imperet,
949 1293 1089 1359 accidere
1118 1304 1230 1379 potest,
1258 1306 1292 1362 ut

190 1387 279 1453 nnius
304 1389 410 1475 populi
435 1388 468 1454 in
492 1387 628 1479 gretiam
653 1390 786 1457 alterum
810 1390 885 1456 velit
907 1391 1074 1478 perditum,
1099 1401 1135 1458 ut
1158 1393 1292 1460 ooloniue

189 1485 233 1551 ibi
256 1487 358 1554 tacut

266 1587 342 1680 XII.
391 1587 517 1664 Quinto,
540 1588 566 1652 ei
583 1610 714 1678 regnum
735 1588 956 1666 committatur,
980 1588 1047 1655 sire
1068 1613 1108 1655 ex
1125 1590 1239 1658 solonio.
1260 1592 1292 1658 in

191 1706 271 1760 eum,
293 1683 379 1770 cujus
403 1685 529 1750 seudum
555 1697 611 1763 eet,
633 1687 699 1752 sire
721 1710 760 1752 er
786 1686 923 1752 clausula
944 1687 1045 1773 posito
1070 1688 1102 1753 in
1118 1689 1187 1776 ipsu
1209 1690 1292 1756 dola-

192 1783 276 1848 tione
292 1782 423 1868 imperii,
442 1795 487 1864 ut,
512 1777 550 1849 ¹ei
568 1785 626 1850 hoc
643 1796 698 1851 unt
714 1787 773 1850 hoo
788 1807 846 1851 rex
864 1785 967 1862 iaciat,
989 1786 1104 1852 subditi
1121 1787 1204 1852 omni
1221 1790 1292 1856 obe-

191 1881 317 1948 dientiae
335 1881 457 1948 vinculo
479 1883 649 1962 solvuntur,
671 1892 746 1950 tune
765 1905 890 1970 quoque
911 1903 968 1948 rex
989 1884 1021 1949 in
1042 1885 1196 1972 privatam
1222 1909 1292 1974 per·

190 2002 297 2046 eonem
312 1980 432 2046 recidit

264 2081 356 2144 XIII.
409 2081 516 2160 Sexto,
546 2081 572 2146 si
610 2104 667 2148 rex
709 2091 831 2167 purtem
868 2083 984 2147 habeat
1016 2081 1128 2148 cummi
1159 2081 1292 2168 imperii,

189 2182 340 2266 ¹¹³portem
368 2180 501 2247 ultorem
527 2180 659 2268 populus
679 2193 736 2247 eut
759 2191 895 2257 cenatur,
925 2180 995 2269 regi
1019 2181 1051 2246 in
1080 2192 1202 2269 portem
1231 2204 1293 2247 non

190 2349 214 2396 in
229 2351 316 2397 librum
333 2363 368 2396 ιν.
387 2350 565 2398 Sententiarum
585 2351 650 2407 dicit,
668 2364 717 2396 non
809 2357 828 2382 ¹¹¹
842 2349 940 2395 Partem
950 2349 1050 2396 alteram
1056 2351 1160 2410 populus
1170 2356 1213 2398 aut
1224 2366 1292 2398 renc-

190 2439 261 2485 poeee
274 2427 389 2486 populum
408 2440 423 2472 r
440 2440 465 2473 re
482 2426 593 2472 ehdioere
608 2429 716 2485 potent»
765 2423 813 2485 tue]
836 2425 980 2484 Exemplum
997 2425 1070 2471 hebee
1085 2426 1109 2471 in
1128 2427 1239 2474 Genuete
1254 2441 1293 2473 re·

190 2507 240 2546 tem
253 2500 401 2548 destituendi
414 2499 533 2560 Principio
547 2501 572 2546 in
586 2513 652 2554 meu,
668 2512 716 2560 qno
765 2499 863 2559 publice
882 2497 947 2560 opud
964 2499 1074 2546 Binurum
1091 2500 1152 2546 libro
1167 2513 1246 2546 xviri.
1268 2502 1292 2547 in

190 2575 221 2620 nd
232 2576 418 2622 destructionem
431 2582 555 2636 vergeret:
571 2576 636 2635 quod
652 2588 717 2621 oom-
766 2575 998 2635 Bohemietempore
1008 2576 1142 2623 Wenceelui
1153 2576 1231 2637 [apud
1240 2577 1294 2623 Du·

191 2650 407 2710 modeexpliceex
421 2650 466 2707 hie,
481 2664 536 2710 qum
550 2650 597 2697 hoo
611 2651 665 2696 loco
679 2650 716 2696 di·
766 2648 844 2709 hrav.]
868 2648 986 2697 H'utorioe
1006 2650 1068 2698 libro
1083 2663 1110 2698 x.
1140 2653 1213 2699 Adde
1229 2654 1293 2699 Aro-

190 2731 285 2771 onntnr.
765 2725 829 2771 rium
844 2724 1020 2771 Institutionum
1041 2724 1173 2773 Moralium
1194 2726 1255 2773 libro
1270 2742 1293 2773 x.

235 2798 241 2830 ¹
252 2800 280 2847 Si
291 2800 334 2846 Ioe
344 2806 387 2847 aut
397 2800 441 2846 ltoe
450 2800 592 2860 rexsueiut]
613 2800 677 2847 Vide
688 2800 718 2845 de
766 2812 819 2858 eep.
834 2800 856 2845 8.
872 2804 897 2844 et
915 2798 1069 2846 humbertum
1086 2801 1294 2863 schafneburgen-

190 2889 261 2933 nono
276 2876 420 2935 Arruporrioe
435 2875 568 2920 Marionem
584 2874 645 2919 libro
658 2886 718 2920 rur.
766 2886 817 2917 eem
828 2873 857 2918 de
867 2872 972 2918 Hem-teo
982 2872 1027 2920 IV.

190 3126 303 3181 hended
317 3127 347 3179 in
360 3126 410 3180 the
424 3124 576 3197 authority.
621 3125 660 3181 Ae
679 3127 788 3182 Seneca
806 3142 869 3197 says
885 3125 915 3178 in
929 3142 947 3179 n
961 3125 1067 3180 similar
1078 3142 1160 3191 onee;
1182 3127 1229 3182 We
1247 3146 1294 3183 cre

191 3221 217 3265 to
232 3211 444 3285 oheyosctlterr
462 3212 508 3265 hut
525 3221 572 3265 not
585 3212 616 3265 In
629 3213 670 3267 ltie
683 3213 750 3266 wiri
762 3221 788 3265 to
804 3214 902 3266 become
914 3213 1106 3280 notescitur.

244 3297 298 3351 XI.
336 3295 482 3368 Fourthly,
498 3296 522 3349 it
537 3296 587 3352 the
601 3297 668 3368 king
682 3303 737 3363 eet,
749 3297 817 3351 with
835 3315 853 3352 n
872 3296 960 3368 really
978 3297 1080 3351 hostile
1092 3298 1178 3360 miud,
1191 3298 1257 3351 with
1276 3314 1294 3351 e

190 3385 260 3437 view
278 3388 309 3437 to
327 3382 378 3437 the
395 3382 568 3437 destruction
582 3382 616 3437 oi
634 3382 685 3438 the
699 3382 790 3437 whole
810 3382 921 3455 people,
936 3382 1056 3453 Barcluy
1079 3398 1141 3453 suyr
1164 3382 1226 3437 thet
1243 3382 1293 3437 the

189 3468 325 3539 kingdom
340 3468 364 3522 ie
381 3468 532 3532 forteited;
549 3468 595 3523 for
611 3468 660 3523 the
678 3485 801 3541 purpose
818 3468 851 3524 of
865 3469 1021 3539 governing
1036 3468 1092 3523 ond
1107 3468 1156 3523 the
1171 3484 1293 3539 purpose

190 3556 224 3610 of
235 3555 397 3627 deetroying
411 3560 515 3609 cuunot
529 3554 633 3612 eubeiet
646 3554 791 3625 together:
813 3571 845 3609 eo
860 3554 924 3609 thot
937 3552 975 3607 he
990 3553 1051 3607 who
1066 3552 1203 3625 proterere
1221 3552 1292 3607 him-

189 3640 247 3696 eelf
257 3640 306 3696 the
319 3656 420 3711 enemy
434 3640 468 3695 oi
483 3639 532 3695 the
546 3638 636 3695 whole
646 3640 758 3712 people,
771 3642 829 3711 ipro
836 3643 924 3714 fecto,
934 3638 1077 3695 abdicatos
1088 3639 1133 3694 hie
1146 3638 1292 3710 kingdom.

189 3728 247 3781 But
263 3726 320 3781 thie
335 3743 388 3781 cen
398 3725 500 3797 hardly
514 3724 626 3798 huppen
641 3727 672 3781 in
690 3743 708 3780 e
725 3742 829 3798 perron
849 3726 883 3781 ot
897 3724 988 3781 round
999 3724 1086 3789 mind,
1098 3724 1159 3779 who
1174 3742 1293 3796 governe

190 3830 244 3867 one
255 3813 357 3884 people
369 3812 445 3884 only.
469 3812 499 3868 If
508 3812 545 3867 he
555 3827 663 3883 govern
675 3812 784 3869 ueremi
795 3812 920 3884 peoples‚
932 3809 969 3866 he
981 3828 1046 3883 moy
1057 3810 1125 3865 wish
1136 3817 1167 3865 to
1179 3811 1293 3883 deetroy

190 3914 244 3953 one
263 3899 297 3953 ot
315 3899 393 3954 them
411 3898 457 3954 ior
476 3897 525 3954 the
544 3898 612 3954 eeke
632 3898 812 3965 uterorum,
833 3898 896 3953 thet
916 3896 953 3953 he
976 3914 1041 3969 moy
1062 3896 1151 3951 found
1170 3898 1293 3955 coloniee

190 3982 278 4037 there.

244 4067 311 4122 XII.
357 4068 475 4139 Fiithly,
489 4068 516 4121 it
528 4068 578 4123 the
592 4069 727 4140 kiugdom
741 4068 778 4124 hc
791 4069 934 4127 bestowed
945 4070 983 4140 by
994 4069 1173 4124 commirsIon
1186 4069 1260 4124 from
1276 4085 1293 4122 a

189 4153 334 4223 superior3
351 4154 408 4206 end
421 4153 447 4206 it
457 4152 506 4208 the
516 4154 585 4224 king
599 4154 691 4209 either
704 4156 820 4211 commit
834 4156 931 4227 telouy
945 4156 1054 4225 egelnet
1066 4154 1115 4209 the
1126 4154 1188 4209 iord
1200 4154 1233 4209 of
1244 4154 1293 4211 the

190 4237 248 4302 ties,
263 4252 296 4291 or
317 4237 343 4290 if
357 4237 438 4292 there
452 4237 489 4292 be
509 4254 527 4292 e
544 4239 638 4293 cluuee
650 4241 680 4293 in
695 4239 745 4295 the
754 4248 847 4311 grant,
858 4241 921 4296 thet
938 4239 964 4295 if
981 4240 1030 4295 the
1044 4240 1113 4311 king
1126 4239 1164 4293 do
1182 4254 1215 4293 eo
1237 4239 1293 4293 rud

189 4339 230 4387 uo,
244 4322 287 4378 hie
301 4322 423 4392 euhjeete
436 4340 486 4379 ere
498 4324 625 4380 reloeeed
636 4325 712 4381 from
725 4325 776 4381 the
788 4327 828 4382 tie
842 4327 876 4381 of
888 4326 1059 4391 obedience;
1081 4324 1150 4381 then
1165 4323 1224 4377 elno
1243 4321 1293 4378 the

188 4410 257 4481 king
270 4408 335 4464 felle
348 4408 421 4463 beck
435 4408 496 4463 into
510 4426 529 4463 u
539 4410 652 4481 private
662 4427 773 4482 perron.

242 4495 327 4551 xlli
366 4492 485 4566 suilly,
502 4494 530 4550 ii
545 4494 595 4553 the
611 4496 680 4570 king
696 4495 768 4553 here
783 4514 801 4551 e
815 4501 880 4568 pert
894 4496 962 4568 only
979 4495 1013 4551 of
1032 4492 1081 4551 the
1100 4492 1293 4566 SerereIgnty,
