3234 5125
203 345 272 400 on».
285 342 352 412 ru]
394 346 445 400 nr
465 345 548 400 nsnn
570 344 720 400 sncuns
743 343 1024 410 occurrendus,
1044 341 1128 398 nnc.
1239 333 1302 404 279

201 509 230 575 is
250 516 339 574 ectus
359 507 457 596 signis
472 506 655 594 quibusdum
677 506 831 573 indicstus
854 505 915 574 sit:
939 507 1013 593 quis
1032 505 1124 574 nudis
1143 507 1238 572 enimi
1254 530 1305 574 so-

201 607 286 674 tihus
307 606 501 672 efficientium
517 605 599 691 juris
620 604 760 671 tribuere
780 627 844 670 non
864 605 970 671 fueret
990 628 1162 695 congruum
1181 617 1304 672 usturae

202 706 356 783 humente,
374 726 446 790 quoe
457 703 516 768 nisi
531 725 573 768 ex
586 701 684 790 signis
694 702 791 768 enimi
805 711 895 768 ectus
906 725 1093 791 cognoscere
1106 726 1170 770 non
1186 714 1304 790 potest:

200 825 266 890 qus
287 803 328 870 de
351 823 445 869 csuss
469 801 564 868 etiem
583 801 700 868 interni
718 810 806 867 sotus
831 801 910 867 meri
930 801 1053 891 legibus
1073 803 1217 869 humenis
1242 825 1305 869 non

202 901 372 988 subjacent
420 900 518 990 Signo
540 908 644 966 eutem
667 900 752 966 nullu
767 899 808 965 de
833 899 927 965 enimi
943 901 1063 967 notibus
1086 901 1304 968 certitudinem

201 1000 321 1066 hebent
335 999 593 1075 msthemsticcm,
615 999 671 1064 sed
692 997 884 1084 probabilem
901 1007 1037 1065 tentum:
1063 1021 1136 1065 nam
1150 1009 1184 1067 et
1200 1001 1305 1067 verbis

201 1099 306 1184 eloqui
320 1098 406 1164 eliud
418 1106 548 1184 possunt
561 1096 710 1174 homines,
727 1117 822 1183 quem
838 1097 922 1184 qnod
937 1097 1045 1164 volunt
1057 1108 1091 1164 et
1106 1099 1253 1176 sentiunt,
1271 1106 1304 1165 et

202 1197 293 1264 nous
314 1197 468 1263 simulare.
517 1196 630 1280 Neque
647 1205 753 1261 temen
770 1195 890 1282 petitur
912 1204 1025 1262 nsturs
1042 1197 1195 1263 humsnae.
1210 1197 1304 1263 socie·
1375 1193 1377 1197 ’
1434 1193 1437 1197 ’

201 1296 287 1372 istis,
312 1306 349 1363 nt
364 1295 485 1362 notibus
506 1294 601 1360 enimi
616 1294 802 1360 sufficienter
825 1293 968 1360 indicetis
986 1294 1072 1360 nulls
1095 1295 1137 1361 sit
1152 1296 1304 1362 efficacis:

202 1393 274 1460 ideo
286 1394 369 1480 quod
382 1393 568 1460 sufficienter
583 1392 750 1460 indicatum
767 1402 825 1471 est,
842 1414 901 1479 pro
912 1415 988 1459 vero
1003 1394 1139 1460 habetur
1154 1395 1305 1461 sdremus

203 1511 274 1556 enm
291 1493 345 1577 qni
360 1491 517 1557 indicet-it
565 1491 613 1555 Ac
629 1489 669 1556 de
686 1491 790 1557 verbis
805 1491 931 1576 quidem
948 1492 1095 1579 expedite
1110 1515 1170 1558 res.

275 1591 332 1656 Ν.
373 1593 391 1654 l
428 1589 534 1654 Factis
552 1586 737 1676 intelligitur
753 1589 945 1664 derelictum,
968 1590 1053 1675 quod
1069 1590 1222 1677 objicitur,
1245 1591 1305 1656 nisi

202 1709 244 1754 es
258 1687 301 1754 sit
314 1686 362 1754 rei
377 1685 618 1762 circumstructis,
634 1696 672 1752 ut
685 1687 834 1773 temporis
849 1709 942 1752 osuss
958 1696 991 1752 οι
1006 1688 1185 1772 requirendi
1200 1689 1305 1756 enimc
1317 1708 1437 1792 nppuu

203 1787 359 1873 objectum
375 1785 494 1851 censeri
511 1785 631 1852 debent
684 1784 737 1851 Sic
755 1785 956 1873 chirogrsphi
972 1785 1147 1851 redditione
1162 1796 1305 1854 censetur
1318 1763 1435 1838 tir-1³⁰2

204 1886 367 1952 remissum
388 1884 537 1950 debitum.
582 1883 732 1949 Rccussri
761 1883 929 1960 heredites,
955 1882 1057 1969 inquit
1082 1883 1210 1962 Penius,
1243 1844 1466 1982 nonff'ldlffl

204 1992 327 2051 tuntum
343 1983 456 2060 verbis,
468 1983 524 2049 sed
540 1981 634 2048 etism
651 2003 688 2046 ro
703 1989 815 2069 potest,
834 1992 866 2048 et
878 1981 987 2068 quouis
1003 1980 1116 2048 indicio
1129 1981 1306 2053 voluntatis.
1317 1979 1449 2072 ffli‘p,

206 2084 260 2152 Sic
280 2083 360 2159 siis,
383 2081 437 2168 qni
454 2082 500 2146 rei
516 2081 645 2167 alicujus
665 2091 714 2146 cst
734 2080 884 2157 dominus,
908 2079 1007 2146 sciens
1024 2101 1093 2145 cum
1114 2079 1215 2146 altero
1237 2103 1306 2148 esrn
1317 2071 1454 2154 ῗξῗῗῃ,

202 2203 273 2250 rem
289 2181 475 2268 possidente,
497 2189 646 2264 tanusm
662 2200 732 2244 cum
749 2178 873 2245 dominc
890 2179 1064 2254 contrahet,
1077 2177 1131 2263 jus
1152 2199 1241 2244 suum
1257 2201 1308 2246 re·
1317 2161 1470 2247 mium

205 2280 324 2346 misisse
339 2278 451 2346 merito
474 2277 658 2343 habebitur:
684 2276 768 2363 quod
790 2299 846 2342 cur
862 2298 925 2341 non
947 2283 979 2342 et
996 2275 1187 2366 interreges
1207 2277 1308 2346 locum

204 2379 331 2455 hebent,
347 2387 380 2444 et
395 2377 526 2464 populos
542 2375 657 2440 liberos
673 2374 751 2440 nihil
764 2395 866 2440 csusae
883 2384 939 2440 est.
961 2391 964 2398 ·

206 2566 317 2611 οιιιιοιι,
330 2552 356 2598 in
374 2551 487 2613 Cataplo,
502 2550 534 2597 T.
550 2564 569 2599 1.
589 2549 641 2597 Ed.
655 2549 730 2598 Amet
825 2550 932 2611 ‘Quart
948 2556 1025 2601 αιιιοιιι
1041 2552 1110 2601 lutet
1127 2553 1267 2616 cosmon,
1281 2559 1308 2603 ut

206 2628 289 2688 pm.
300 2626 476 2673 etHemotin.
485 2624 568 2686 poth.
599 2625 732 2671 Locutsn·
781 2638 866 2685 aprum
883 2626 963 2673 mulda
978 2626 1048 2673 armis
1066 2634 1109 2675 aut
1124 2630 1196 2677 οιιαπι
1214 2632 1308 2679 reculis

206 2708 256 2749 tem
264 2701 365 2748 Diodori
375 2701 457 2758 Siculi,
471 2700 512 2761 qui
522 2699 669 2759 pcstesslne
682 2699 733 2745 ullo
781 2703 836 2744 ante
851 2712 990 2758 personum,
1011 2702 1054 2761 oni
1069 2703 1162 2762 habuit,
1179 2704 1308 2765 anitati}

204 2777 294 2825 indicio
304 2778 421 2835 affiatu,
431 2775 624 2824 mutuom.
634 2776 733 2833 cupiit.
779 2772 874 2829 Florus,
885 2773 939 2820 ιιι.
951 2786 1025 2821 ιιι.ο.
1037 2776 1072 2821 18.
1104 2777 1191 2822 rm
1205 2776 1304 2825 relictus

206 2852 325 2911 mliii.
340 2849 529 2909 Bsfflseeps.
559 2848 593 2894 Bt
609 2860 668 2907 ρος.
681 2860 733 2907 seq.
781 2858 799 2891 a
818 2845 948 2901 nepotibus
967 2847 1039 2904 seder,
1064 2854 1140 2908 οιοιο,
1165 2852 1309 2911 queritur·

207 2926 295 2972 dicitnr
304 2926 350 2985 βίᾳ
359 2926 401 2971 καὶ
411 2924 500 2970 ditarer
514 2920 631 2981 ejusmodi
640 2932 734 2980 posses·
782 2918 935 2967 weduario
941 2920 1101 2979 poutdstm

206 2998 343 3045 tiohsberi.
373 2995 456 3056 J.B.l

207 3242 276 3315 only
291 3259 309 3297 s
323 3240 458 3314 probehle
475 3242 629 3314 οοτιοὶιιιγς
646 3242 692 3298 ior
708 3259 775 3299 men
791 3260 855 3316 moy
871 3259 984 3316 express
1001 3244 1032 3297 in
1045 3244 1136 3301 words
1150 3244 1309 3318 something

206 3328 340 3383 different
350 3327 423 3381 from
437 3326 510 3383 whst
519 3328 586 3399 they
595 3328 653 3383 feel
667 3328 723 3383 snd
734 3328 800 3393 rin,
814 3329 871 3383 snd
883 3346 949 3400 msy
958 3328 1088 3384 simulate
1104 3330 1134 3383 iu
1148 3328 1223 3384 their
1236 3337 1308 3389 ects.

206 3414 265 3468 But
279 3412 329 3468 the
342 3420 442 3467 nature
456 3412 490 3467 of
501 3412 607 3467 humen
620 3414 727 3484 society
743 3412 811 3468 does
826 3419 877 3468 not
897 3414 983 3469 suffer
996 3411 1059 3467 thot
1076 3413 1126 3468 the
1140 3420 1200 3469 sets
1214 3416 1248 3470 of
1258 3416 1308 3471 tho

208 3498 295 3562 mind,
309 3497 477 3570 sufficiently
488 3498 638 3562 indicated,
648 3497 750 3553 should
761 3498 833 3553 heve
847 3515 884 3552 no
899 3498 1027 3569 efficscy:
1043 3497 1186 3555 therefore
1196 3500 1273 3555 what
1283 3502 1307 3558 is

205 3583 373 3655 sufficiently
386 3582 529 3639 indiosted
542 3582 573 3637 in
588 3583 688 3649 words,
701 3585 726 3638 is
739 3588 771 3638 to
784 3582 822 3638 ιο
839 3583 906 3639 held
919 3589 991 3649 true,
1002 3599 1033 3639 ss
1047 3584 1157 3656 egsinst
1170 3584 1230 3641 him
1245 3585 1307 3641 who

206 3686 238 3727 so
252 3668 389 3724 indicates
400 3668 432 3722 it.

263 3754 331 3810 This
343 3754 472 3809 doctrine
483 3752 516 3809 of
523 3752 573 3808 the
586 3753 664 3809 force
675 3753 709 3808 of
720 3753 811 3808 words
822 3754 846 3808 is
858 3760 889 3809 to
900 3753 937 3809 be
951 3753 1063 3825 applied
1076 3760 1107 3809 to
1119 3754 1258 3811 derelicts.

264 3840 314 3893 lv,
353 3846 368 3893 1
394 3839 419 3893 A
433 3838 552 3894 derelict
566 3855 632 3911 msy
642 3839 702 3893 niso
713 3838 750 3894 ιο
761 3839 904 3895 indicsted
917 3839 956 3910 ιγ
967 3838 1017 3895 the
1030 3839 1090 3893 fect
1097 3859 1107 3905 ς
1124 3840 1198 3904 thus,
1210 3840 1307 3897 thetis

207 3940 226 3979 s
236 3924 353 3979 derelict
367 3923 458 3978 which
472 3925 496 3979 is
510 3923 620 3979 throrrn
630 3941 709 3995 οιιογ
716 3943 725 3988 3
740 3924 835 3979 unless
849 3925 899 3980 the
910 3925 1126 3980 oircumstences
1138 3925 1171 3980 of
1182 3926 1231 3982 the
1243 3942 1307 3981 oeno

207 4007 244 4063 ιο
257 4008 327 4062 such
342 4008 404 4063 thet
418 4010 441 4062 it
454 4026 520 4081 msy
537 4009 573 4064 be
583 4010 724 4081 supposed
736 4016 766 4064 tc
780 4010 817 4064 ιο
834 4016 887 4081 put
904 4026 982 4083 οιιογ
996 4011 1073 4065 iore
1089 4011 1159 4065 tinne
1169 4012 1225 4065 und
1240 4010 1308 4065 with

207 4092 257 4147 the
268 4094 408 4147 intention
422 4093 456 4147 oi
463 4094 561 4164 taking
574 4096 598 4149 it
611 4096 703 4165 sguin.
738 4094 815 4149 Thus
828 4112 846 4149 s
857 4094 926 4150 debt
936 4095 960 4150 is
971 4096 1111 4166 supposed
1123 4102 1153 4150 ιο
1162 4096 1199 4152 ιο
1210 4097 1307 4151 remit»

207 4177 258 4232 ted
268 4178 306 4250 ιγ
316 4178 411 4247 giving
422 4194 461 4248 up
473 4177 522 4233 the
533 4186 600 4234 note
611 4180 644 4234 ot
654 4179 731 4233 hnnd
743 4179 834 4234 which
845 4180 1055 4250 ecknodsdges
1068 4180 1101 4233 it.
1133 4180 1179 4233 An
1190 4180 1308 4235 inherit·

207 4279 287 4326 snce,
297 4278 329 4317 es
343 4261 449 4316 Psulus
460 4278 531 4333 seps,
547 4280 613 4335 msy
623 4264 660 4320 ιο
670 4264 794 4329 refused,
808 4270 860 4319 not
873 4264 941 4335 only
955 4264 993 4335 ιγ
1002 4264 1102 4329 words,
1113 4263 1166 4319 but
1176 4263 1215 4336 ιγ
1227 4263 1308 4327 deed,

206 4346 265 4403 ond
273 4348 312 4419 ιγ
325 4364 381 4419 sny
391 4341 544 4401 indication
560 4349 593 4402 of
603 4349 667 4404 vill.
704 4350 743 4404 So
757 4349 783 4403 if
793 4349 831 4405 ho
842 4350 905 4405 who
919 4350 943 4404 ts
957 4348 1007 4404 the
1019 4364 1112 4403 owner
1123 4346 1157 4402 oi
1164 4346 1309 4419 snything,

207 4432 367 4504 knowingly
382 4438 523 4488 contrecto
538 4434 606 4488 nith
618 4433 739 4491 another
755 4451 859 4507 person
873 4436 903 4489 in
917 4434 1010 4491 whose
1024 4433 1181 4504 possession
1190 4433 1214 4487 it
1227 4432 1260 4499 is,
1277 4450 1309 4489 ss
