3234 5125
452 348 641 405 EPISTOLA
662 348 715 403 AD
737 348 958 405 LECTOREM.
1213 340 1290 403 xxxi
1347 397 1352 404 .

131 519 287 599 insomne
305 514 425 600 populi
447 516 485 579 io
499 535 532 580 se
550 516 800 600 transferebant.
853 513 898 579 At
913 534 995 579 nnnc
1014 511 1060 579 ibi
1077 521 1189 579 contra
1209 512 1298 601 legi--

133 726 323 879 Ἥξει
324 762 439 901 igitur,
456 810 512 877 sed
528 809 677 888 modeste,
698 810 850 897 ejusmodi
866 813 1028 890 maculae,
1041 832 1063 876 a
1077 810 1167 877 nobis
1183 811 1290 877 obser·

132 920 230 990 ratas
242 934 326 996 quus
343 922 403 977 aut
419 913 552 976 incuria
560 912 669 997 fiodit,
684 924 744 977 out
756 912 903 977 humano
914 932 1039 997 pamm
1051 912 1141 977 coeit
1154 924 1288 988 cature,

132 1013 172 1078 ed
189 1012 355 1078 utilitatem
373 1011 550 1086 Lectorum,
573 1009 711 1075 indicare
727 1031 784 1075 nos
800 1031 892 1096 posse
914 1010 1101 1097 putarimus,
1125 1010 1211 1075 salvo
1234 1011 1290 1076 ho·

133 1133 209 1177 nore
226 1108 298 1178 Viri
308 1108 428 1197 Magni,
449 1108 536 1195 cujus
552 1108 766 1191 eruditionem,
783 1108 954 1198 ingenium,
968 1106 1129 1195 judicium,
1147 1108 1289 1185 virtutes,

133 1231 224 1276 nemo
247 1208 365 1294 estqui
381 1206 480 1294 pluris
500 1207 602 1285 faciet,
626 1229 719 1294 quem
739 1230 805 1277 nos.
853 1209 964 1294 Neque
987 1207 1057 1273 heic
1078 1207 1291 1275 substitimuse

134 1308 189 1375 sed
206 1308 311 1384 etiem,
333 1306 430 1373 sicubi
446 1305 535 1372 nobis
550 1307 636 1373 haud
652 1306 728 1373 satis
748 1315 835 1373 recte
854 1306 1033 1373 ratiocinari
1055 1306 1139 1373 vistu
1155 1316 1212 1385 est,
1235 1315 1292 1375 sut

134 1407 288 1495 principia
314 1428 424 1492 parum
450 1404 540 1471 mmo
562 1426 678 1492 ponere
701 1408 797 1492 (quod
821 1428 885 1472 non
909 1406 1013 1492 potuit
1037 1428 1101 1473 non
1125 1405 1291 1492 aliquando

135 1506 262 1595 evenire
284 1504 338 1582 illi,
364 1503 476 1590 quiin
499 1504 673 1571 vastissima
697 1505 866 1593 disciplina,
890 1516 960 1572 arte
982 1514 1015 1573 et
1039 1506 1100 1582 vie,
1126 1505 1290 1582 tredendo,

136 1604 268 1694 glaciem
290 1603 481 1693 frangebat)
506 1603 539 1669 id
556 1603 736 1691 simpliciter
753 1615 786 1671 et
802 1604 935 1671 candide
951 1605 1125 1671 monuimus
1138 1605 1170 1669 in
1185 1607 1291 1671 Notu-

138 1706 182 1771 lis
198 1702 330 1777 nostris;
359 1701 399 1767 de
415 1702 527 1788 quibus
538 1701 604 1789 jem
622 1702 739 1789 aliquid
756 1703 930 1781 dicendum,
951 1711 998 1782 nt,
1016 1703 1125 1790 quales
1140 1704 1202 1769 illes
1218 1703 1291 1781 sint,

138 1802 262 1889 etquid
278 1800 311 1869 in
327 1800 387 1866 illis
402 1801 501 1887 queeri
517 1802 640 1878 debeat,
656 1802 788 1889 quisque
802 1802 882 1868 scire
895 1802 1003 1889 possit.

215 1903 259 1967 Et
284 1900 384 1987 primo
410 1900 545 1986 quidem,
577 1910 614 1965 ut
637 1901 706 1985 ipss
727 1900 895 1986 appellatio
918 1900 1024 1967 statim
1049 1899 1160 1976 innuit,
1189 1900 1222 1965 in
1249 1900 1295 1965 eis

140 2022 234 2088 quem
252 1999 439 2075 brevissime,
462 2020 534 2085 qum
551 1998 690 2065 dioendae
706 2008 797 2064 erent
814 1998 989 2085 exprimere
1005 1998 1082 2063 mihi
1103 1998 1294 2085 propositum

140 2100 209 2177 fuit,
230 2121 271 2164 ne
291 2098 386 2163 moles
403 2097 574 2173 voluminis,
594 2096 661 2184 jem
684 2097 760 2164 estis
781 2096 881 2186 spissi,
904 2098 994 2163 nimis
1017 2107 1207 2186 augereturz
1232 2120 1297 2183 qua

141 2199 182 2264 de
204 2218 313 2264 cerusa
333 2196 427 2263 etiam
449 2197 606 2273 nonnulle,
630 2218 713 2283 quae,
735 2196 769 2263 in
794 2205 943 2265 contextu
962 2196 1029 2283 jam
1051 2197 1161 2283 posita,
1187 2208 1295 2264 noster

141 2296 302 2363 immemor
318 2294 351 2361 in
367 2294 460 2361 Notis
476 2295 549 2376 suis,
572 2295 702 2361 totidem
726 2296 840 2374 uerbis,
865 2305 922 2363 aut
944 2295 1053 2363 eodem
1076 2296 1169 2383 plane
1191 2318 1293 2375 sensu,

142 2395 322 2484 repetierat,
340 2394 488 2461 audacter
504 2394 718 2481 expunximus.

215 2492 356 2582 Duplids
379 2502 484 2560 autem
511 2493 634 2582 generis
660 2501 733 2560 sunt
756 2496 890 2562 Notuloe
911 2504 1036 2573 noetrae,
1062 2492 1097 2562 in
1118 2495 1296 2563 universum

143 2603 298 2682 spectate.
350 2593 431 2658 Alite
454 2592 546 2671 enim,
570 2615 649 2680 ques
671 2596 808 2660 criticos
832 2616 945 2661 vocare
968 2594 1049 2672 lioet,
1074 2594 1108 2660 iu
1128 2618 1165 2661 eo
1187 2595 1297 2682 posite

145 2702 227 2770 sunt,
249 2701 285 2758 ut
302 2693 353 2759 vel
368 2691 521 2758 rationem
536 2693 783 2760 emendationum
803 2702 859 2760 sut
877 2694 1172 2780 supplementorum,
1194 2695 1248 2760 nbi
1263 2694 1297 2759 id

145 2792 318 2858 consultum
334 2789 433 2856 uuum
450 2800 507 2868 eet,
524 2791 675 2869 reddant3
698 2792 749 2858 vel
766 2792 917 2859 Auctoris
934 2789 1154 2885 παρορᾶματα
1167 2793 1200 2858 in
1216 2792 1297 2858 male

146 2891 317 2958 referendis
341 2897 397 2956 sut
421 2889 565 2976 aptendis
587 2890 691 2956 verbis
716 2890 909 2977 Scriptorum
938 2891 1146 2971 leudetornm,
1173 2891 1297 2977 quando

147 2990 241 3056 etiam
262 2989 338 3055 utile
358 2987 541 3064 existimavi,
564 2988 721 3065 indicent;
747 2989 798 3054 vel
821 2986 972 3076 originem
994 3009 1136 3053 errorum
1159 2987 1226 3075 ejus
1250 3010 1299 3052 oe-

148 3089 297 3163 tcndant3
322 3087 374 3153 vel
387 3087 452 3152 sine
468 3095 550 3153 teste
566 3087 690 3174 prolata
704 3085 825 3153 idoneis
840 3086 1078 3153 auctoritatibus
1091 3086 1226 3165 firment,
1243 3096 1299 3154 aut

149 3185 213 3250 elia
229 3184 376 3271 ejusmodi
392 3186 532 3252 doceant.
576 3185 739 3253 Interdum
754 3185 858 3266 ctiam,
874 3186 930 3254 sed
945 3207 1019 3254 rere
1035 3195 1069 3252 et
1081 3186 1191 3265 obiter,
1208 3196 1300 3254 netas

150 3283 226 3349 mibi
244 3283 433 3370 conjectures
454 3285 612 3370 proposui,
635 3286 676 3351 de
692 3284 894 3352 emendandis
914 3284 990 3352 locis
1006 3287 1157 3350 Veterum
1173 3285 1300 3371 quibus-

149 3383 232 3461 dem,
250 3403 320 3468 quae
334 3382 366 3448 in
382 3382 456 3468 ipsis
472 3382 609 3449 fontibus
626 3383 737 3450 vitiosa
752 3383 949 3452 videbantur.
1000 3381 1139 3448 Alterius
1154 3404 1229 3448 vero
1245 3405 1301 3471 ge-

150 3481 234 3548 neris
250 3480 375 3548 Notulae
392 3489 508 3548 nostrae
524 3485 572 3548 od
587 3505 639 3549 res
654 3485 748 3568 ipsos
759 3485 934 3567 pertinent,
952 3481 1033 3548 etin
1050 3479 1094 3546 eis
1110 3481 1202 3547 modo
1219 3482 1302 3548 Auc-

151 3580 227 3646 toris
249 3588 395 3655 meutem,
420 3579 474 3646 ubi
496 3581 663 3658 obscurior,
694 3580 788 3647 etiem
813 3579 1064 3657 adtendentibus,
1091 3601 1159 3647 esse
1186 3588 1300 3668 potest,

152 3678 291 3746 breviter
307 3677 454 3765 exposui;
480 3679 572 3746 modo
587 3679 655 3766 ejus
671 3700 803 3757 errores,
821 3677 904 3744 circa
919 3678 1080 3766 principia,
1102 3688 1159 3746 aut
1177 3680 1303 3748 ratioci-

152 3778 301 3855 nationes,
318 3776 460 3854 indiesvi,
476 3777 508 3842 in
523 3778 689 3865 precipuis
704 3778 814 3846 saltem
830 3778 1035 3867 argumentis.
1085 3780 1198 3865 Neque
1218 3779 1301 3846 enim

152 3877 233 3944 ratio
249 3875 422 3958 brevitetis,
432 3875 499 3962 jam
515 3876 631 3954 adlata,
651 3876 829 3964 patiebatur
842 3886 879 3943 ut
895 3877 999 3943 omnia
1014 3878 1231 3964 expenderem,
1246 3887 1304 3946 cut

153 3975 321 4063 quidquam
347 3974 445 4041 fusius
475 3974 669 4042 deducerem.
720 3975 803 4042 Hinc
830 3975 998 4062 sepissime
1023 3977 1227 4044 satisfecere
1251 3998 1305 4044 me

153 4095 244 4161 posse
259 4073 377 4162 putavi,
396 4075 558 4140 lectorem
573 4083 694 4140 tantum
710 4074 908 4151 remittendo,
929 4075 980 4141 vel
993 4075 1036 4140 ad
1053 4077 1141 4163 Opus
1157 4076 1303 4143 eximium

154 4173 385 4240 Pursunosru
402 4175 455 4239 De
470 4176 552 4240 Jorc
568 4176 651 4240 Nat.
667 4185 697 4240 ct
718 4175 813 4240 Gent.
829 4195 867 4240 ec
886 4182 1010 4241 nocuas
1033 4174 1067 4240 in
1091 4196 1162 4240 eum
1184 4175 1303 4242 Gallice

153 4293 278 4338 versum
301 4275 419 4349 Notae,
452 4271 520 4359 jem
545 4272 615 4359 plus
640 4273 735 4338 semel
759 4272 878 4350 editas;
910 4273 961 4339 rel
984 4273 1027 4340 ad
1051 4274 1188 4362 ejusdem
1215 4272 1304 4338 Libri

155 4369 388 4457 compendium,
413 4369 463 4436 cui
483 4371 604 4455 titulus,
626 4375 679 4438 De.
703 4373 814 4458 Officio
835 4374 991 4439 Hominis
1011 4385 1042 4440 ct
1069 4375 1168 4448 divis,
1190 4369 1305 4436 nostris

154 4469 248 4535 etiam
264 4469 356 4536 Notis
371 4469 488 4537 Gallice
504 4469 702 4550 illustratum,
720 4483 754 4538 et
770 4471 883 4558 saepius
899 4493 1055 4546 recusum
1081 4469 1131 4534 rel
1146 4468 1188 4534 ed
1205 4469 1306 4536 Notas
