3234 5125
199 354 269 411 en.
283 348 351 425 1u.]
464 354 592 411 ennon
613 356 767 411 menen
787 356 1033 414 nxrnmsnm.
1238 347 1302 417 117

199 518 273 585 lstae
292 516 478 586 eRomenie
490 516 629 585 libertati
642 516 738 585 vitem
750 517 808 585 sub
822 540 902 608 rege
917 517 1132 608 praetulerunt,
1148 528 1301 610 negantes
1387 568 1391 575 -
1475 576 1480 585 .

200 618 307 686 vivere
327 640 361 686 se
386 618 453 685 sine
478 640 556 707 rege
575 638 675 705 posse.
726 617 777 683 Sie
797 618 1017 696 Philostratus,
1042 617 1110 684 vite
1132 619 1298 707 Apollonii,
1312 633 1429 675 nunt&

199 718 330 785 stultum
353 739 420 784 esse
440 715 495 797 eit,
522 716 669 798 Thraces,
693 717 813 805 Mysos,
841 718 940 785 Getes
954 717 988 784 in
1003 718 1182 787 libertatem
1198 718 1299 786 vindi·

200 838 283 895 esre,
296 838 360 905 qus
375 839 438 883 non
454 816 622 906 gaudeant.

275 920 297 984 5
331 917 443 1003 Neque
459 938 534 983 vero
550 937 614 981 non
629 914 749 1002 sliquos
762 938 890 983 movere
905 926 1055 1006 poterunt
1065 918 1209 1006 exemplu
1223 941 1300 1010 gen·

200 1016 290 1097 tium,
313 1038 384 1103 quse
401 1038 459 1105 per
474 1014 589 1082 saeoule
606 1014 741 1103 plurime
758 1015 834 1082 'sub
852 1015 982 1105 imperio
1004 1018 1096 1106 plene
1112 1018 1202 1108 regio
1224 1018 1300 1087 setis

200 1115 332 1183 feliciter
361 1116 517 1183 vixerunt
569 1110 690 1181 tUrbes
712 1116 770 1183 sub
794 1116 945 1195 Eumene,
970 1116 1017 1184 uit
1041 1116 1157 1196 Livius,
1183 1119 1300 1186 nullius
1311 1136 1439 1178 lev-¹1³2&

201 1215 308 1282 liberes
330 1214 463 1284 civitatis
481 1215 639 1281 {omnnem
658 1236 729 1281 eum
749 1236 808 1282 sue
828 1224 980 1284 mutetem
1000 1216 1144 1285 voluisse.
1186 1217 1248 1285 Est
1267 1227 1301 1285 et

201 1314 359 1383 interdum
381 1316 408 1382 is
424 1313 558 1382 ciuitatis
572 1322 682 1393 statue,
703 1316 760 1382 unt
775 1313 920 1382 videatur
939 1316 998 1381 nisi
1012 1317 1071 1384 sub
1093 1315 1193 1383 libem
1209 1318 1300 1385 unius

200 1412 330 1502 imperio
346 1414 451 1483 sulvus
465 1436 534 1481 esse
549 1435 612 1480 non
629 1434 742 1501 posee;
767 1414 854 1501 quod
869 1414 910 1481 de
931 1416 1083 1494 Romanu,
1109 1415 1211 1504 qunlis
1228 1427 1301 1485 erut

202 1513 337 1580 Caessris
352 1514 489 1602 Augusti
510 1520 616 1591 estete,
639 1512 746 1579 multis
773 1512 981 1601 prudentibus
1006 1514 1106 1581 risum
1133 1523 1191 1581 est.
1239 1516 1300 1581 His

202 1633 281 1700 ergo
297 1610 507 1698 similibusque
522 1611 562 1677 de
578 1610 678 1679 oensis
693 1610 835 1678 soeidere
846 1634 911 1678 non
924 1620 1029 1701 potest
1044 1622 1177 1697 tuntum,
1195 1616 1252 1683 sed
1267 1622 1301 1683 et

201 1710 292 1787 solet,
317 1717 355 1776 ut
374 1731 409 1776 se
430 1710 569 1775 homines
591 1709 755 1796 subjicient
774 1708 906 1797 imperio
926 1710 1057 1778 ultenim
1080 1733 1119 1779 se
1139 1713 1299 1801 potesteti,

202 1809 288 1898 qnod
303 1816 337 1876 et
354 1808 463 1875 Oieero
479 1815 569 1875 notet
586 1806 764 1874 Officiorum
780 1808 924 1876 mundo.
1312 1830 1390 1880 osse

274 1910 296 1974 6
330 1908 407 1974 Jem
429 1929 505 1973 vero
527 1904 609 1973 bello
626 1906 722 1994 justo,
746 1914 878 1974 utente
905 1907 1051 1988 diximus,
1075 1908 1157 1977 sieut
1182 1909 1302 1998 acquiri

201 2014 306 2099 potest
327 2006 496 2073 dominium
520 2005 688 2094 privatum,
714 2005 760 2073 ite
781 2012 815 2072 et
840 2005 1011 2075 dominium
1038 2007 1139 2088 oivile,
1167 2009 1233 2076 sire
1250 2010 1304 2099 jus

202 2106 414 2198 regendi'non
433 2106 560 2173 aliunde
573 2104 722 2194 pendens
768 2105 882 2192 Neque
904 2128 980 2173 vero
1004 2107 1074 2174 hmo
1096 2116 1220 2176 tentum
1244 2132 1303 2197 pro

202 2208 292 2274 unius
307 2206 448 2295 imperio,
474 2204 529 2272 ubi
544 2204 578 2271 id
593 2212 754 2292 receptum
770 2212 830 2282 est,
849 2206 1062 2274 oonsernundo
1079 2206 1163 2275 dicte
1183 2208 1304 2275 censeri

203 2306 333 2373 debente
348 2326 421 2372 nem
438 2305 520 2372 idem
533 2302 587 2393 jus
603 2302 774 2391 eademque
789 2304 872 2371 ratio
885 2315 934 2372 est
949 2326 1124 2395 proeerum,
1140 2308 1194 2395 qui
1211 2307 1305 2396 plebe

203 2406 329 2471 excluse
349 2404 506 2472 eivitetem
529 2410 656 2494 regunt
709 2403 802 2483 Quid,
829 2404 916 2490 quod
932 2406 1018 2473 nulle
1033 2408 1210 2495 respublies
1225 2408 1305 2474 udeo

204 2512 334 2593 reperte
350 2512 398 2572 est
414 2503 583 2594 populeris,
609 2502 642 2569 in
658 2523 722 2591 qun
742 2524 805 2570 non
822 2504 919 2592 eliqui
939 2514 997 2574 sut
1011 2506 1103 2575 uelde
1118 2505 1227 2599 inopes
1248 2514 1305 2576 eut

203 2681 297 2730 rideret
316 2686 349 2730 tot
366 2681 445 2729 nilida
459 2681 577 2728 muse
590 2681 730 2742 purpurantis,
777 2681 1306 2745 inpuiomdoussssesospomJDionspud

204 2771 288 2805 mun
297 2758 419 2814 seruirent,
427 2755 529 2803 murt
546 2756 729 2802 videstsstm·
777 2755 953 2804 Peumata
958 2758 1080 2816 v.eup.¹l:
1095 2757 1196 2805 ds'dsudl
1205 2757 1239 2818 pri
1252 2775 1306 2818 χει·

203 2845 257 2881 mm
264 2833 378 2879 Historia
385 2831 509 2887 Genumi,
514 2830 569 2878 Lib.
579 2841 635 2876 xlv.
645 2843 669 2888 p.
676 2829 730 2878 329.-
778 2828 873 2888 pun'lless
887 2829 931 2885 ἤδη
946 2829 1083 2889 'Populum
1092 2831 1169 2877 uirus
1179 2831 1206 2876 el
1214 2849 1307 2888 τνραν·

250 2911 259 2943 t
276 2908 352 2956 Urbes
361 2905 403 2952 rub
414 2901 530 2962 Eum]
546 2903 585 2948 sto
597 2902 687 2947 multos
701 2916 732 2949 ex
778 2904 842 2950 etun
855 2909 1028 2962 mnasonem,
1043 2904 1161 2964 χαλεπήν
1180 2903 1306 2964 ἐργάσων-

203 2984 285 3032 liberis
300 2983 401 3030 Greeie
417 2979 553 3026 dnmdbus
567 2979 592 3023 ln
612 2977 733 3023 Sdsmins
778 2993 825 3021 ται
838 2975 887 3032 τὴν
899 2976 1053 3036 μεταβολήν.
1073 2976 1156 3023 Metuo
1166 2978 1308 3024 mRemml

205 3059 288 3121 cypri,
299 3056 364 3119 qnod
379 3055 496 3114 Evagon
509 3065 611 3112 regnnm
621 3057 681 3110 eret,
689 3066 731 3100 ve·
779 3049 858 3110 lone&
871 3049 1030 3097 mouens
1044 3051 1141 3099 εάοιίει·
1154 3053 1244 3100 addan
1251 3053 1308 3111 jen

204 3136 269 3181 nisse
279 3135 362 3178 namt
371 3129 498 3176 lsoerstes.
527 3127 597 3186 (Peg.
607 3125 651 3175 199
662 3127 699 3185 s.)
775 3125 1106 3186 sempontstmatr'om.
1135 3126 1210 3190 (esp.
1219 3127 1270 3190 84).

250 3213 263 3240 ¹
281 3206 314 3254 Ut
326 3203 437 3252 videnter
452 3201 501 3250 ulti
514 3201 558 3249 ml
573 3201 648 3249 libero
662 3201 733 3250 unius

206 3455 731 3520 Soitwesssidthstitwesebsnrd
748 3461 779 3512 to
796 3454 1226 3528 givefreedomto'l'hreeisns,
1243 3453 1309 3527 My-

205 3549 288 3614 siam,
300 3547 415 3612 Getone,
428 3546 549 3601 beeeuse
560 3543 628 3615 they
639 3542 696 3597 hsd
707 3558 746 3599 no
759 3542 842 3599 hesrt
853 3543 899 3598 for
909 3543 942 3598 lt.

264 3641 282 3690 t
302 3633 371 3688 Also
381 3647 467 3704 many
478 3647 543 3703 mey
551 3631 588 3687 be
599 3629 701 3685 mered
711 3629 749 3702 by
760 3628 809 3684 the
819 3629 962 3702 exemples
969 3628 1003 3685 of
1011 3628 1123 3684 uadens
1134 3624 1225 3680 which
1236 3624 1308 3682 heve

205 3720 280 3776 lived
293 3719 410 3792 heppily
426 3718 473 3774 for
489 3733 574 3790 many
590 3716 768 3788 generosiore
786 3715 878 3771 under
897 3715 948 3771 the
964 3715 1027 3771 rule
1044 3714 1078 3769 oi
1095 3714 1192 3785 kings3
1210 3729 1241 3768 ss
1258 3712 1309 3768 the

206 3808 285 3864 sities
303 3805 336 3860 of
351 3805 420 3860 Asis
433 3803 524 3859 under
540 3804 690 3858 Eumenes.
726 3801 791 3857 And
808 3803 970 3858 sometimes
983 3801 1034 3857 the
1050 3800 1196 3857 condition
1212 3799 1246 3854 ol
1258 3797 1309 3854 the

208 3893 289 3948 stete
299 3891 323 3946 ie
337 3891 406 3947 sueh
420 3889 483 3946 thst
497 3890 520 3944 it
532 3893 635 3944 esnnot
648 3887 685 3943 be
696 3887 757 3944 sele
774 3893 876 3960 exoept
891 3889 984 3943 under
999 3887 1050 3942 the
1063 3888 1126 3943 sule
1140 3886 1174 3941 of
1186 3900 1260 3950 ones
1276 3901 1309 3940 ss

208 3993 293 4049 many
305 3977 428 4047 prudent
443 3992 510 4032 men
519 3975 592 4030 here
607 3972 729 4044 thought
741 3991 796 4029 sss
811 3973 861 4028 the
872 3990 937 4030 osse
950 3973 1018 4029 with
1037 3972 1087 4029 the
1101 3975 1213 4030 Romen
1227 3971 1310 4026 Ststo

208 4067 240 4117 st
250 4060 300 4116 the
310 4062 379 4117 time
390 4061 424 4116 os
431 4061 583 4132 Augustus.
604 4061 649 4116 On
657 4059 737 4116 these
749 4060 806 4115 und
814 4059 897 4115 other
910 4065 1052 4126 munte,
1059 4059 1084 4115 it
1097 4064 1149 4114 not
1160 4057 1227 4129 only
1235 4072 1310 4127 moy,

208 4148 262 4204 but
276 4147 344 4202 does
359 4147 438 4202 osten
452 4147 573 4220 huppen,
585 4145 648 4203 thet
659 4160 744 4220 meny
758 4145 868 4217 subjeet
885 4145 1054 4202 themselves
1064 4151 1096 4201 to
1110 4144 1161 4200 the
1171 4142 1235 4198 rulo
1251 4140 1309 4196 snd

207 4248 303 4307 power
316 4230 350 4286 ol
358 4231 485 4288 onother.

265 4322 284 4374 t
306 4317 455 4374 Mereorer
468 4318 531 4374 eivil
548 4318 699 4390 suthority,
721 4334 754 4373 or
770 4317 821 4374 the
839 4316 916 4389 right
937 4315 971 4372 ot
987 4315 1149 4389 governing,
1163 4326 1229 4381 msy
1249 4307 1311 4362 eleo

208 4406 245 4462 be
261 4403 395 4475 sequired
406 4402 445 4476 by
456 4405 609 4476 legitimste
623 4421 689 4460 wer.
736 4403 800 4459 sne
811 4403 850 4458 sll
861 4403 918 4458 this
932 4402 1040 4474 epplies
1051 4406 1082 4456 to
1094 4415 1113 4452 s
1125 4398 1311 4467 government

208 4493 276 4565 bys
293 4489 369 4564 body
382 4489 415 4546 of
428 4489 543 4558 Nobles,
557 4507 588 4549 es
602 4489 762 4564 saussey
779 4506 797 4545 s
812 4489 902 4561 single
915 4487 1019 4544 Rulerr
1034 4484 1092 4540 end
1105 4497 1145 4538 uo
1162 4481 1243 4536 State
1253 4494 1319 4560 vus,
