3234 5125
382 365 446 432 374
625 375 677 430 DE
699 373 976 442 Aeeumlnlonn
997 374 1243 436 DERIVATIVA,
1355 372 1438 441 [lare.
1452 375 1492 429 Il
1585 416 1586 469 p

218 560 368 611 cremum
381 561 479 626 seque
495 539 583 608 finite
599 561 732 629 reguum
745 539 850 606 redire
866 538 908 605 ed
924 538 1082 625 populum.
1126 536 1252 604 Curtius
1267 536 1351 602 libro
1368 559 1407 602 x.
1449 543 1493 604 ln

380 643 490 708 ecdem
507 643 600 706 domo
605 641 809 724 familiaque
824 641 958 724 imperii
967 641 1053 704 vires
1066 659 1275 704 reuicnmecs
1290 660 1383 704 cose:
1401 639 1490 705 here

380 742 540 806 ditericus
557 741 735 823 imperium
751 741 887 824 stirpem
900 739 1027 822 regium
1045 739 1315 803 vindicaturam:
1339 751 1491 804 asemon

379 861 444 907 esee
460 841 569 926 theom
587 859 700 904 nomen
716 839 827 914 colere,
845 839 1055 924 occoearipue
1066 859 1079 900 .·
1100 859 1157 903 nec
1172 858 1355 923 mammeam
1372 839 1416 904 id
1435 860 1490 904 cu-

373 961 455 1028 pere
470 940 538 1004 nobi
551 939 695 1024 genitum
710 949 747 1002 ut
763 948 924 1021 regnaret.

340 1083 352 1100 .
456 1037 546 1104 XVI.
594 1035 710 1112 Tertio,
734 1056 774 1101 ue
796 1035 962 1101 suecedent
984 1032 1045 1099 uisi
1058 1032 1114 1121 qui
1130 1033 1196 1101 nuti
1218 1041 1291 1101 sunt
1311 1035 1488 1102 secundum

378 1136 491 1226 pstriae
502 1137 608 1226 leges:
624 1156 687 1200 nou
699 1134 858 1201 netursles
869 1142 1000 1213 tuntum,
1018 1133 1094 1219 quis
1105 1133 1149 1200 ed
1160 1141 1348 1200 contemtum
1362 1143 1486 1221 peterit,

379 1257 512 1322 quorum
529 1241 661 1300 matrem
678 1242 769 1320 peter
780 1233 867 1320 juste
879 1232 1021 1320 conjugio
1038 1233 1185 1322 dignatus
1200 1254 1264 1299 non
1277 1241 1335 1310 est,
1352 1242 1389 1298 et
1406 1255 1486 1320 prse-

378 1343 467 1400 teree
483 1334 556 1420 quin
570 1332 671 1398 miuus
691 1333 770 1399 certi
784 1333 959 1398 habentur:
981 1339 1016 1399 st
1031 1332 1064 1397 iu
1084 1332 1191 1421 regnis
1206 1331 1335 1420 expedit
1367 1333 1485 1419 populo

377 1431 488 1500 heberi
504 1432 670 1499 merimem
692 1431 918 1509 certitudinem,
942 1453 1012 1517 quae
1029 1431 1140 1498 heberi
1152 1439 1256 1518 potest
1274 1432 1318 1498 ed
1334 1430 1484 1498 vitsudss

378 1532 624 1600 controversias:
646 1553 718 1618 quoe
735 1553 828 1598 cnuss
842 1530 903 1597 soit
916 1552 973 1596 cur
990 1531 1176 1598 Macedones
1187 1530 1350 1597 Demetrio
1369 1530 1484 1596 minori

214 1654 364 1696 rismum
378 1630 482 1719 potius
497 1654 590 1719 quem
604 1633 720 1697 Perseo
733 1630 842 1718 mojori
856 1651 988 1718 reguum
1001 1629 1110 1696 deberi
1124 1629 1381 1706 existimaverint,
1398 1629 1483 1716 quod

377 1733 558 1797 Demetrius
574 1729 660 1819 justu
677 1728 909 1797 metreiumilies
928 1737 1021 1795 ustus
1036 1738 1127 1796 esset
1169 1731 1214 1796 Et
1227 1729 1312 1817 apud
1330 1728 1483 1796 Ovidium

378 1829 408 1896 le
432 1830 529 1898 imus:

408 1852 431 1921 g
551 1933 590 1992 Ae
604 1950 641 1990 ue
655 1939 745 2007 nupts
758 1933 880 2006 quidem,
894 1933 1017 2004 adeone
1030 1938 1147 2005 scoepts
1156 1932 1262 2004 iogeli:

593 2020 659 2088 Gur,
673 2021 727 2080 nisi
742 2035 779 2074 ue
793 2035 908 2092 caperes
920 2035 1009 2090 wne
1021 2024 1141 2092 peteme
1153 2018 1277 2074 nothus?

378 2133 441 2201 Sed
457 2155 515 2200 nee
526 2133 675 2223 adoptivi,
691 2135 765 2221 quis
780 2133 928 2200 nobilitas
944 2132 1068 2222 generis
1084 2155 1160 2200 vere
1174 2131 1256 2220 regii
1270 2129 1373 2221 magis
1389 2152 1480 2198 reve-

375 2233 490 2298 rendos
504 2231 599 2299 efficit
614 2255 716 2321 reges,
732 2232 893 2320 majorque
905 2232 946 2299 de
962 2232 1007 2298 eis
1023 2253 1094 2320 spes
1110 2231 1300 2320 coneipitur:

590 2349 642 2404 Est
656 2351 687 2403 in
696 2351 835 2420 juvencis,
848 2357 892 2406 est
905 2351 935 2405 in
949 2351 1028 2422 equis
1041 2355 1155 2422 petrum

589 2435 695 2489 Virtus.

446 2539 557 2607 XVII.
598 2540 765 2622 Quorsum,
779 2549 817 2609 ut
830 2540 913 2611 inter
930 2564 994 2620 eos,
1011 2541 1064 2631 qui
1081 2542 1201 2632 pfflter
1216 2541 1251 2609 iu
1264 2541 1475 2613 hereditatem

370 2638 621 2719 admitterentur,
639 2638 705 2706 sive
721 2640 795 2729 quie
808 2641 900 2708 unius
916 2650 990 2709 sunt
1003 2643 1131 2731 gradus,
1148 2642 1214 2709 eive
1225 2642 1299 2728 quis
1312 2642 1347 2707 in
1360 2662 1476 2729 pereu-

415 2798 426 2837 ¹
438 2801 608 2862 Prosecutus·
619 2798 819 2861 msemints]
834 2800 897 2849 Vide
945 2800 1136 2850 Nummus
1146 2800 1215 2841 ”lm
1225 2800 1315 2850 ism
1327 2801 1367 2840 tun
1378 2804 1401 2841 ss
1411 2811 1475 2851 ιιι

370 2874 481 2923 Nicotaus
493 2876 630 2923 choniates·
644 2876 767 2933 Horruits,
782 2876 845 2923 libro
859 2889 897 2924 ιν.
991 2874 1065 2911 mum,

370 2949 445 3009 (cap¹
456 2948 491 3009 4.)
945 2924 1421 2975 annsenemorurumqmpoelsorldm

412 3023 595 3083 sPrqfhrstvr
613 3026 672 3069 nutu
687 3019 819 3081 mimus]
846 3022 897 3069 Ho-
945 3018 1027 3079 (ven.
1045 3019 1109 3079 eet).
1140 3019 1190 3067 Ubi
1205 3020 1328 3079 npleuter
1344 3019 1473 3076 Homerum,

365 3110 446 3143 merus
458 3097 575 3159 dereguo
586 3097 782 3145 Cretensilltud.
800 3096 833 3143 N.
944 3099 974 3142 ut
985 3096 1055 3152 solet,
1068 3109 1163 3141 esuum
1180 3096 1293 3152 reddidit,
1310 3108 1355 3142 cur
1368 3096 1473 3156 micres

368 3184 441 3240 ‘flete
452 3188 469 3229 t
481 3187 633 3241 hiemem
644 3186 696 3239 eto
709 3185 896 3241 ocensem
945 3169 1242 3230 utuinrermpnne,
1255 3170 1375 3216 menen
1386 3169 1472 3216 erres

944 3243 1020 3301 πολὺ,
1029 3248 1058 3289 ut
1067 3244 1218 3305 plerumque,
1228 3244 1254 3290 id
1263 3245 1329 3291 sulm
1342 3245 1369 3290 iu
1382 3244 1472 3291 tulibu

367 3270 884 3377 'mimdmvetreoimtmtrmtmtte
944 3316 1047 3365 subicite
1075 3318 1123 3365 roi
1146 3318 1221 3379 νόμον
1242 3320 1283 3379 τῷ
1303 3318 1471 3379 πρεσβυτέρᾳ
1585 3337 1586 3394 p

365 3564 476 3620 elected
488 3564 535 3620 for
548 3566 585 3621 its
599 3564 726 3639 nobility,
744 3566 801 3621 eud
818 3566 900 3621 when
916 3567 940 3623 it
956 3567 1030 3634 fulls,
1051 3568 1101 3624 the
1117 3567 1253 3639 kiugdom
1269 3571 1301 3621 to
1317 3572 1420 3622 return
1439 3572 1471 3622 to

364 3649 414 3705 the
428 3652 538 3722 people.
577 3652 616 3706 So
631 3652 752 3707 curtim
789 3646 880 3722 [See]

418 3734 501 3790 XVI.
535 3737 570 3790 Iu
583 3737 633 3791 the
647 3736 724 3791 third
738 3737 826 3809 ploce,
840 3739 903 3793 thet
916 3754 991 3794 noue
1005 3734 1123 3793 sueoeed
1135 3744 1235 3810 except
1248 3736 1330 3793 those
1343 3736 1407 3793 vrbo
1421 3754 1470 3793 srs

363 3817 435 3871 born
449 3820 599 3890 sooordlng
612 3826 643 3875 to
658 3822 707 3876 the
727 3822 793 3876 lsvs
808 3822 841 3876 of
851 3824 901 3879 the
916 3829 1047 3895 country=
1066 3827 1119 3877 not
1129 3824 1242 3879 nuturul
1256 3823 1393 3887 children,
1406 3824 1469 3878 who

363 3916 412 3955 ere
426 3917 500 3971 open
511 3908 542 3956 to
557 3911 709 3975 contempt,
726 3906 803 3961 since
817 3907 893 3963 their
908 3908 1004 3964 father
1024 3908 1074 3963 did
1094 3913 1146 3962 not
1163 3909 1246 3965 deem
1267 3909 1343 3964 their
1357 3909 1469 3965 mother

363 3985 471 4058 vorthy
482 3986 516 4040 oi
525 4004 544 4041 s
555 3986 710 4058 legitlmste
721 3991 868 4062 marriage,
880 3994 936 4047 eud
946 3994 1064 4060 besides,
1073 4010 1103 4049 es
1111 3992 1197 4067 being
1205 3996 1260 4050 lese
1272 3996 1386 4050 oerteiu.
1411 3996 1469 4050 For

362 4072 392 4126 iu
413 4071 561 4144 ldngdoms
577 4073 602 4128 it
622 4074 646 4129 ls
664 4074 815 4145 expedient
830 4076 877 4131 for
894 4078 943 4134 the
959 4081 1062 4151 people
1076 4080 1139 4134 thet
1153 4081 1235 4136 there
1248 4080 1351 4137 should
1364 4080 1402 4136 be
1418 4081 1468 4137 the

361 4165 485 4231 greatest
502 4159 625 4232 possible
639 4161 786 4233 oertsiuty,
802 4166 833 4215 to
853 4164 936 4219 svoid
953 4166 1165 4221 coutroversies.
1205 4168 1244 4222 So
1258 4168 1423 4222 Demetrius
1437 4168 1468 4221 in
1585 4187 1586 4196 ¹

361 4246 501 4302 Macedon
515 4264 570 4302 vves
586 4246 680 4311 tehen,
695 4246 792 4303 rather
810 4246 881 4302 theu
897 4250 1027 4306 Perseus.
1070 4252 1109 4306 So
1126 4268 1190 4324 ssys
1207 4252 1287 4309 Ovid.
1330 4252 1398 4308 hlso
1416 4258 1467 4308 not

360 4332 492 4404 adoptive
511 4332 646 4399 children,
661 4333 780 4389 because
794 4333 844 4389 the
856 4335 976 4409 nobility
990 4336 1021 4392 oi
1035 4336 1084 4392 the
1098 4355 1163 4393 rece
1177 4339 1274 4394 makes
1288 4337 1370 4409 kings
1385 4354 1466 4394 mors

359 4418 536 4485 reverenced,
550 4420 606 4474 end
617 4426 698 4474 turns
710 4435 788 4475 more
802 4418 877 4492 hope
887 4426 917 4475 to
932 4420 1020 4479 them.
1056 4423 1095 4478 So
1109 4423 1229 4480 Horace
1269 4419 1361 4495 [See]

413 4503 509 4558 XVII.
545 4505 579 4560 Iu
593 4504 643 4561 the
657 4506 754 4563 fourth
770 4506 860 4581 pleee,
876 4507 940 4565 thet
957 4524 1060 4581 smong
1077 4508 1159 4567 those
1174 4510 1237 4567 vbo
1258 4526 1308 4567 ere
1324 4510 1466 4566 admitted
