3234 5125
317 298 401 362 xxxii
738 314 767 368 J.
792 315 1053 373 BARBEYRACII

314 485 436 541 nostras
452 474 485 541 in
500 474 558 542 hos
574 473 657 563 ipsos
674 474 785 543 Libros
808 480 862 545 De
876 481 905 545 J
904 502 959 545 ure
974 481 1064 546 Belli
1079 504 1121 547 oc
1138 484 1250 559 Pacu,
1276 484 1330 571 qui
1354 486 1474 555 Gallico

314 576 407 652 versi,
423 574 507 641 haud
522 576 568 641 ita
583 586 655 661 post
670 575 797 665 longum
811 587 943 665 tempus,
957 580 1026 644 Deo
1039 579 1144 658 dante,
1161 583 1277 669 publici
1288 585 1371 671 juris
1385 586 1470 655 fient.

315 676 365 738 Ex
381 674 441 740 illis
458 674 660 742 versionibus
679 676 804 753 nostris,
826 676 872 742 ita
888 677 1057 755 adornatis,
1082 680 1147 766 peti
1163 682 1290 767 poterit,
1313 692 1350 750 ut
1365 706 1473 771 spera-

314 794 391 849 mus,
410 774 514 861 justus
534 774 567 837 in
590 784 757 860 utrumque
776 776 945 842 Auctorem
963 777 1221 857 Commentarius,
1246 782 1301 868 qui
1316 792 1350 848 et
1365 785 1408 850 ad
1424 784 1471 851 in-

313 872 497 961 telligendos
513 872 591 938 duos
605 872 674 939 illos
690 876 712 940 J
714 873 779 939 nris
793 875 956 940 Naturalis
970 886 1003 942 et
1021 877 1168 943 Gentium
1186 880 1382 967 Interprctes
1403 884 1471 969 pnl-

313 973 435 1050 marios,
460 982 492 1039 et
507 972 548 1038 ad
565 972 673 1038 intima
695 972 892 1039 nobilissima
915 974 1156 1063 utillissimteque
1178 978 1348 1066 disciplinas
1369 981 1470 1069 adyta

312 1071 515 1159 penetranda,
542 1071 602 1137 nisi
628 1072 729 1149 fallor,
756 1072 832 1138 satis
857 1073 936 1150 erit3
973 1074 1055 1139 viam
1080 1086 1167 1142 certe
1192 1078 1315 1144 facilem
1339 1090 1467 1147 sternet

313 1171 581 1237 commentatores
603 1180 717 1246 autom,
743 1193 821 1258 quos
835 1172 911 1237 satis
928 1172 1050 1250 multos,
1079 1175 1241 1241 nonnullos
1266 1178 1356 1243 molis
1380 1179 1466 1246 haud

311 1270 445 1359 exiguae,
463 1278 569 1335 noster
586 1269 637 1334 hic
653 1270 771 1347 habuit,
795 1291 891 1357 quam
912 1292 1024 1359 parum
1046 1272 1136 1338 uobis
1157 1274 1328 1360 adjumenti
1350 1277 1383 1341 in
1400 1287 1467 1344 toto

310 1368 369 1435 isto
392 1369 519 1458 negotio
543 1368 723 1445 adtulerint,
749 1392 791 1435 ex
815 1369 978 1436 collatione
1005 1372 1143 1456 patebit;
1171 1383 1203 1439 et
1226 1374 1266 1439 ds
1287 1396 1325 1439 eo
1347 1375 1467 1462 aliquid

311 1468 392 1535 forts
426 1469 561 1535 dicemus
594 1468 626 1533 in
656 1468 847 1535 Praefatioue
876 1469 917 1535 ad
945 1469 1128 1535 Versioucm
1154 1471 1222 1557 jam
1252 1484 1463 1559 memoratam.

310 1567 495 1635 Necessaria
522 1577 627 1634 tamen
654 1567 748 1634 fuisso
772 1589 812 1633 ea
838 1567 941 1633 omniu
970 1590 1041 1655 quae
1072 1570 1282 1655 praestitimus,
1312 1584 1464 1659 prestare

308 1667 418 1734 saltem
435 1667 539 1733 conati
552 1688 667 1743 sumus,
691 1667 741 1732 rel
755 1688 796 1731 ex
813 1688 850 1731 eo
867 1666 1000 1755 intelligi
1016 1676 1130 1753 potest,
1155 1670 1240 1756 qnod
1263 1671 1365 1758 stylus
1380 1673 1464 1737 Auc·

308 1766 386 1833 toris
401 1766 599 1833 brevissimus
618 1787 676 1851 per
697 1787 731 1830 se
752 1764 829 1831 satis
850 1766 968 1852 negotii
986 1766 1120 1833 facessat
1136 1768 1330 1853 Lectoribus,
1352 1778 1386 1837 et
1407 1773 1464 1837 ad·

307 1877 411 1935 tentos
433 1888 526 1953 quum
549 1862 681 1929 maxime
700 1862 856 1949 postulet:
882 1872 918 1929 ut
939 1864 1082 1929 minimus
1106 1887 1195 1931 error
1220 1867 1286 1933 sive
1310 1868 1344 1933 in
1368 1870 1462 1935 rebus

307 1968 392 2055 ipsis,
417 1966 483 2032 sive
499 1965 531 2031 in
548 1963 662 2041 verbis,
687 1961 883 2028 difficultates
900 1962 1131 2029 inextricabiles
1153 1987 1384 2053 nonnumquam
1405 1990 1462 2055 pa·

306 2090 379 2133 rere
416 2076 497 2133 ucat.

382 2090 490 2230 ilabes
507 2160 575 2227 heic
592 2160 696 2238 etiam,
722 2162 872 2240 annon,
893 2163 933 2230 V.
953 2163 989 2230 O.
1007 2165 1150 2229 Josnuus
1172 2165 1350 2231 Futnanucr
1369 2168 1461 2233 Gno-

306 2285 399 2330 ιιοιιι
422 2264 532 2339 Notas,
558 2282 637 2347 quae,
664 2283 704 2327 ex
720 2283 782 2347 quo
798 2260 898 2325 lucem
925 2261 1059 2347 primum
1082 2262 1236 2341 viderunt,
1262 2265 1458 2333 Editionibus

305 2363 446 2429 omuibus
468 2360 667 2447 sequentibus
689 2359 816 2425 comites
832 2359 915 2424 datae
936 2370 1018 2443 sunt,
1041 2364 1366 2447 et,propter1⁴amam
1387 2363 1456 2442 viri,

304 2460 481 2547 sequuturis
496 2459 606 2535 adhuc,
623 2468 658 2525 nt
673 2457 825 2545 conjicere
839 2458 920 2534 licet,
937 2480 1031 2545 porro
1046 2459 1213 2527 dabuntur.
1266 2461 1306 2527 In
1322 2462 1383 2529 illis
1399 2486 1457 2529 ex·

304 2560 483 2649 pendendis,
507 2569 540 2625 et
556 2557 757 2625 emendandis
771 2567 828 2623 aut
844 2557 988 2623 notandis
1004 2557 1173 2636 erroribus,
1197 2560 1309 2647 quibus
1324 2571 1454 2643 scatent,

303 2659 507 2748 amplissimus
538 2681 572 2724 se
602 2656 691 2723 nobis
722 2656 884 2722 obtulisset
915 2679 1050 2744 campm,
1078 2659 1135 2724 sed
1166 2667 1201 2726 et
1230 2661 1455 2750 ingratissimus

302 2761 392 2827 labor
406 2757 583 2824 subeundus
599 2755 727 2823 luisset:
752 2755 784 2822 id
801 2778 877 2821 vero
893 2776 950 2821 nec
965 2765 1099 2843 tempus,
1116 2779 1174 2823 nec
1188 2759 1309 2825 animus
1323 2760 1446 2828 sinebat

302 2860 395 2927 Absit
418 2867 455 2925 ut
479 2857 597 2924 meritis
613 2855 682 2923 Viri
703 2854 905 2922 Celeberrimi
927 2854 1095 2941 quidquam
1117 2857 1326 2924 detrahamus.
1387 2861 1454 2927 Sua

302 2968 408 3025 manet
435 2967 468 3024 et
494 2955 631 3022 manebit
650 2953 694 3020 illi
714 2954 781 3020 lans
797 2954 831 3018 in
855 2963 1050 3041 perpetuum,
1074 2955 1256 3022 eruditionis
1277 2956 1450 3042 profunde,

300 3057 440 3123 lectionis
456 3056 587 3136 diffusus,
601 3063 634 3119 et
642 3053 792 3119 acuminis
802 3052 874 3118 miri
884 3053 918 3116 in
933 3054 1028 3119 rebus
1038 3054 1257 3121 Grammaticis
1267 3064 1300 3122 ct
1318 3057 1451 3137 Criticis,

300 3175 371 3242 quas
386 3155 420 3220 in
436 3154 559 3241 scriptis
575 3153 650 3238 ejus,
669 3152 762 3216 cedro
778 3150 890 3238 dignis,
908 3150 1022 3237 ubique
1038 3152 1159 3218 micant
1207 3154 1451 3232 Sedunorum

299 3255 403 3321 dicere
423 3252 574 3330 uolumus,
597 3250 668 3316 huic
693 3260 808 3316 nostras
830 3247 997 3334 disciplinae
1018 3250 1108 3315 Juris
1126 3252 1288 3318 Naturalis
1307 3262 1341 3320 et
1362 3257 1450 3320 Gen·

299 3355 386 3433 tium,
404 3375 445 3419 ne
462 3353 502 3418 de
515 3351 584 3417 aliis
601 3350 710 3427 dicam,
733 3370 796 3415 non
812 3369 881 3414 cam
899 3369 1026 3434 operam
1046 3347 1186 3426 dederat,
1211 3349 1295 3415 utin
1311 3353 1448 3420 Auctore

297 3463 404 3519 nostro
428 3451 661 3537 interpretando
678 3447 772 3515 talem
795 3469 830 3512 se
846 3455 997 3533 presure
1015 3455 1128 3533 possm,
1154 3448 1287 3532 qualem,
1313 3452 1448 3540 exempli

296 3551 410 3638 gratia,
428 3549 461 3613 in
478 3548 576 3612 Ιιιιιιο
591 3547 779 3612 recensendo
795 3555 830 3610 et
845 3545 1028 3630 explicando
1044 3566 1151 3610 omnes
1167 3545 1329 3614 mnuntur.
1370 3550 1447 3614 Per·

295 3669 396 3734 pauca
417 3646 486 3711 heic
507 3653 579 3710 sunt
604 3645 693 3709 bonae
713 3641 832 3730 frugis:
854 3641 989 3727 plurima
1009 3665 1210 3730 supervacua,
1234 3655 1267 3710 et
1293 3667 1365 3732 quac
1394 3646 1446 3712 vel

294 3733 363 3810 aliis
384 3752 505 3810 tantum
525 3742 628 3808 verbis
646 3762 769 3806 sensnm
791 3739 935 3805 Auctoris
957 3739 1033 3806 satis
1061 3741 1178 3807 clarum
1206 3742 1365 3821 exhibent,
1392 3746 1444 3812 vel

293 3843 362 3908 usui
381 3864 449 3908 esse
471 3848 600 3926 possunt
620 3837 693 3904 solis
709 3838 874 3926 tyronibus
895 3836 929 3902 in
945 3839 1069 3927 Lingua
1084 3839 1206 3917 Latina,
1229 3841 1336 3927 quales
1358 3852 1443 3910 certe

292 3960 360 4007 esse
375 3962 438 4006 nou
454 3939 577 4016 debent,
600 3937 654 4024 qui
676 3938 735 4004 hoc
757 3938 846 4024 Opus
868 3936 975 4025 legere
995 3938 1231 4026 adgrediuntur.
1282 3939 1347 4007 Sed
1369 3951 1402 4008 ct
1422 3964 1444 4008 a

292 4049 396 4105 ments
413 4038 560 4104 Auctoris
575 4037 683 4113 nostri,
707 4035 793 4122 cujus
810 4035 962 4122 principia
980 4058 1044 4101 uon
1062 4037 1138 4103 satis
1159 4037 1363 4126 intelligebat,
1383 4041 1442 4108 Vir

290 4137 492 4204 Doctissimus
514 4136 598 4202 haud
617 4157 691 4202 raro
712 4137 848 4202 aberrat
900 4135 943 4201 Et
959 4156 999 4200 ne
1015 4145 1107 4223 putes
1127 4157 1185 4201 nos
1209 4136 1241 4203 id
1264 4139 1365 4225 gratis
1385 4139 1441 4205 ad·

290 4259 405 4315 serere,
422 4235 589 4324 specimina
605 4235 748 4321 quaedam
765 4233 836 4300 Tibi
852 4232 1002 4312 dedimus,
1022 4235 1096 4300 dum
1112 4235 1215 4302 obiter
1231 4236 1263 4300 N
1263 4245 1332 4303 otas
1347 4237 1438 4316 illius,

288 4337 372 4403 inter
395 4335 615 4402 recensendum
640 4335 727 4420 Opus
748 4333 842 4410 istud,
868 4332 1135 4419 perlustraremus.
1187 4334 1279 4412 Vide,
1305 4336 1440 4423 exempli

287 4437 402 4522 gratia,
423 4434 493 4503 Lib.
513 4435 538 4500 I.
565 4455 632 4520 cap.
651 4455 685 4499 ιι.
712 4426 729 4528 d
748 4435 801 4498 10.
825 4453 908 4497 num.
927 4434 980 4498 11.
1003 4442 1067 4498 not.
1085 4432 1139 4509 77,
1160 4441 1193 4499 et
1212 4455 1279 4521 cap.
1296 4456 1344 4500 ιιι.
1368 4429 1386 4529 d
1405 4437 1436 4502 8.
