3234 5125
173 358 319 430 cmm]
559 358 606 415 m
627 357 876 416 SUPERIORES.
1210 345 1272 413 175

173 526 252 594 AElii
268 523 359 602 Loeti,
382 545 477 591 manu
492 521 694 612 palens-itm
712 547 773 611 qno
789 532 894 590 tamen
911 524 1105 610 Imperatore
1121 519 1174 588 rix
1190 520 1273 608 quis·

173 647 267 712 quam
282 625 343 691 fuit
358 624 544 691 sceleratior.
584 623 781 700 Parthenius,
807 623 895 710 cujus
915 623 1030 688 laetum
1047 621 1155 687 itidem
1171 619 1272 686 detes-

173 733 260 792 tatur
281 723 504 803 Tertullianus,
530 732 600 790 erat
620 722 681 799 ille,
702 723 756 809 qui
772 723 938 810 pessimum
959 721 1183 807 Imperatorem
1206 721 1272 785 Do-

176 825 338 890 mitianum
355 831 561 911 oppresserat
612 822 673 887 His
693 831 854 910 comparat
877 819 1073 886 Plautianum
1090 819 1271 907 praelectum

173 924 330 1010 praetorio,
356 923 411 1009 qui
428 922 612 1010 Septimium
629 922 780 988 Severum
802 921 894 987 raldo
915 919 1146 1009 sanguinarium
1169 920 1272 1006 Impe-

174 1031 312 1089 ratorem
332 1022 473 1088 cecidere
493 1022 527 1087 in
547 1021 663 1110 palatio
679 1021 830 1088 voluerat.
878 1021 917 1085 Iu
938 1019 1068 1086 eundem
1088 1017 1271 1106 Septimium
1370 1078 1377 1084 .
1434 1067 1440 1073 -

176 1121 325 1188 Severum
350 1143 448 1198 arma,
473 1123 560 1208 quasi
586 1143 644 1208 pro
665 1119 843 1208 reipublice
867 1119 1007 1201 caritate,
1032 1127 1207 1185 sumserunt
1239 1117 1273 1183 in

176 1219 272 1309 Syria
287 1222 473 1287 Pescennius
487 1221 598 1309 Niger,
620 1221 652 1285 in
676 1220 778 1287 Gallia
798 1228 832 1285 et
854 1218 1018 1284 Britannia
1034 1218 1161 1285 Clodius
1181 1217 1272 1283 Albi·

174 1341 240 1386 nus.
277 1321 342 1387 Sed
358 1321 470 1386 horum
485 1342 610 1407 quoque
624 1320 738 1385 iactum
758 1318 942 1385 Christianis
958 1318 1121 1406 displicuit,
1139 1318 1223 1405 quod
1240 1325 1273 1383 et

174 1421 215 1485 ad
232 1419 398 1508 Scapulam
418 1420 520 1506 jactat
535 1419 769 1486 Tertullianus:
797 1421 901 1486 Circo
917 1419 1116 1503 majestatem
1131 1421 1273 1504 impero·
1386 1503 1389 1508 Ι
1436 1425 1439 1438 “

175 1522 256 1584 torr’e
270 1521 496 1604 infamamur:
520 1532 628 1585 tomen
643 1540 809 1605 nunqnam
826 1519 1009 1594 Albiniani,
1026 1520 1077 1584 oet
1095 1520 1272 1604 Nimiam,

175 1618 227 1681 uel
256 1619 413 1683 Cassiani
439 1620 582 1682 inveniri
606 1629 784 1703 potnerunt
822 1619 1013 1685 Chrestiani.
1067 1616 1205 1682 Cassiani
1228 1616 1273 1681 illi

175 1724 277 1792 erant,
303 1715 357 1800 qui
381 1716 478 1782 secuti
507 1724 599 1781 erant
623 1715 769 1781 Avidium
797 1715 947 1792 Cassium,
972 1715 1074 1780 virum
1101 1716 1272 1804 egregium,

175 1814 229 1900 qui
254 1815 287 1879 in
312 1813 408 1902 Syria
429 1814 538 1880 sumtis
565 1814 660 1880 armis
687 1815 872 1882 causabatur
901 1812 1137 1900 Itempublieam
1165 1813 1273 1879 seire

174 1912 363 1990 restitutum,
380 1935 475 1999 quam
490 1915 536 1979 M.
556 1912 704 1978 Antonini
719 1910 911 2002 negligentia
926 1912 1083 2000 perderet.
1234 1909 1236 1913 ’

250 2015 273 2078 2
306 2012 497 2090 Ambrosius,
514 2035 585 2078 cum
598 2011 743 2099 injuriam
758 2034 820 2077 non
836 2011 896 2078 eibi
912 2019 1043 2088 tantum,
1060 2011 1116 2076 sed
1133 2018 1166 2077 et
1182 2009 1275 2100 gregi

175 2135 240 2191 suo,
257 2121 292 2180 et
307 2112 437 2179 Christo
452 2112 521 2178 fieri
535 2113 678 2178 crederet
693 2135 714 2178 a
727 2110 955 2187 Valentiniano,
974 2109 1181 2176 Valentiniani
1196 2109 1273 2187 filio;

174 2212 279 2300 populi
306 2212 383 2278 satis
408 2212 552 2278 concitati
578 2220 665 2277 motu
686 2211 728 2277 ad
757 2211 963 2276 resistendum
996 2209 1044 2274 uti
1073 2232 1135 2275 non
1166 2208 1273 2275 voluit

174 2315 353 2389 ¹¹¹,Oocctm
373 2311 482 2398 inquit,
506 2335 689 2398 reprcpnore
703 2334 769 2377 non
783 2312 883 2375 neni:
908 2311 1013 2375 dolere
1023 2321 1146 2394 potero,
1157 2321 1380 2419 potercnmp'ar

168 2415 258 2496 βενε,
270 2422 383 2497 potero
397 2432 538 2497 penteres
527 2415 709 2478 αάεενεειε
724 2432 831 2487 ormo,
849 2412 977 2486 milites,
999 2411 1122 2476 Geticae
1138 2430 1270 2495 qnoque,
1285 2381 1431 2476 bb'litff
1430 2409 1436 2421 '

177 2512 329 2597 toa-ymo
348 2531 425 2579 meoe
445 2533 542 2578 amno
561 2524 658 2578 eant:
683 2513 772 2578 tolia
792 2511 877 2576 enim
897 2521 974 2575 annt
998 2511 1198 2577 monimenta
1219 2530 1273 2574 aa·

175 2614 360 2677 ceramum:
385 2613 484 2677 aliter
512 2633 568 2677 nec
594 2614 699 2689 debeo,
726 2632 784 2677 nec
809 2632 942 2695 poeanm
968 2608 1123 2675 resistere.
1175 2612 1272 2677 Mox:

174 2712 383 2795 Eripebotnr
405 2732 427 2775 α
443 2733 502 2787 me,
528 2723 569 2775 nt
583 2731 807 2797 compescerem
819 2710 998 2795 populum:
1023 2711 1210 2793 referebam,
1236 2709 1389 2775 inertem

174 2830 241 2875 meo
259 2810 337 2894 jure
352 2830 426 2888 ease,
443 2822 480 2874 nt
496 2831 560 2874 non
576 2812 762 2883 accitarern,
780 2810 817 2872 in
833 2810 901 2872 Dei
916 2828 1027 2882 monn,
1044 2819 1082 2872 nt
1097 2811 1273 2893 mitiperet.

175 2907 266 2974 Idem
291 2908 475 2973 Ambrosius
509 2906 640 2970 Maximi
669 2906 763 2993 copiis
793 2904 944 2969 adversm
976 2904 1210 2989 Imperatorem,
1241 2916 1276 2972 et

176 3081 359 3142 Corruptumid
373 3092 520 3127 nomennou
535 3078 574 3124 hic
589 3078 660 3125 modo
674 3078 700 3123 in
745 3076 826 3138 pere?
845 3078 953 3123 noluntas
968 3081 1002 3123 eet
1017 3078 1094 3125 mitis
1117 3093 1164 3125 non
1182 3093 1225 3141 coe
1239 3095 1275 3129 me

175 3154 325 3202 Tertulliano
334 3155 421 3214 tuerat,
432 3154 474 3200 sed
484 3153 609 3199 adhueest
618 3152 643 3198 in
654 3154 700 3200 Su·
749 3151 846 3198 nabebo
855 3150 1034 3212 circumfusione
1037 3154 1186 3213 popularem
1215 3156 1275 3202 Imt.

175 3233 264 3289 etonio,
279 3231 379 3291 (Domit.
395 3244 415 3276 c.
427 3228 474 3288 1⁷),
487 3228 530 3274 nbi
545 3228 665 3285 Sstmlus,
675 3232 701 3274 et
750 3231 817 3274 tatus
834 3232 872 3273 est
885 3240 987 3287 magma
1006 3228 1138 3288 Gregorim
1151 3230 1214 3277 libro
1229 3242 1275 3279 vn.

174 3306 200 3351 in
210 3305 310 3353 Victore
323 3303 425 3364 vulgari,
439 3302 481 3349 ubi
497 3302 626 3362 casperio·
640 3302 701 3363 legi.
751 3302 885 3362 epistolar.
901 3301 931 3347 Si
942 3302 969 3347 in
984 3308 1056 3349 ncne
1066 3302 1276 3363 torpebat-derum

174 3384 233 3427 ture
247 3379 367 3439 (Epitom
378 3392 400 3425 c.
410 3380 447 3424 12.
459 3390 524 3424 num.
533 3377 571 3435 8).
750 3392 787 3425 me
797 3377 895 3424 miseere
909 3376 1038 3436 celsimen,
1054 3378 1123 3426 bodie
1136 3380 1276 3442 motor.

217 3451 638 3513 mammaeam]
656 3452 700 3499 In·
750 3453 964 3513 ἀενιενιεευνιεε
981 3466 1063 3514 nepem,
1083 3466 1125 3500 nee
1143 3454 1277 3512 alsecense

173 3531 248 3577 seruit
260 3530 553 3577 Gratianuscausaxxm.
568 3528 701 3588 quaetione
751 3528 956 3585 mulctaret,
965 3533 1037 3589 ctqroe
1051 3528 1077 3575 r'n
1089 3542 1180 3576 summu
1194 3530 1277 3591 myli.

173 3616 232 3653 rm.
264 3604 339 3666 (Gan.
366 3602 419 3663 al.)
453 3604 522 3649 Idam
549 3602 699 3663 Ambrosius,
749 3603 977 3651 etmmretdivieu.

173 3680 276 3740 epistola
286 3692 387 3727 mm.
420 3678 496 3726 Vultis
510 3678 535 3724 in
549 3678 645 3725 vincula
658 3692 700 3724 ra·

174 3930 279 3984 tutione
290 3916 401 4000 enjoin}
414 3927 471 3984 and
486 3928 642 3984 Tertullian
657 3927 751 3984 boasts
765 3926 830 3983 thet
841 3927 890 3983 the
904 3926 1059 3983 Christiana
1076 3925 1132 3982 had
1143 3926 1276 3985 meahare

175 4013 207 4066 in
217 4013 266 4069 the
276 4015 393 4069 murder
403 4014 437 4069 of
444 4014 494 4070 the
505 4014 617 4069 Roman
627 4014 789 4086 Emperors.
827 4010 895 4085 [See
905 4013 955 4068 the
967 4008 1120 4085 passages]

233 4104 251 4152 2
276 4098 422 4164 Ambroae,
438 4099 547 4171 though
563 4100 674 4171 feering
691 4100 772 4154 harm
789 4105 842 4155 not
858 4099 926 4170 only
939 4104 970 4155 to
988 4099 1104 4154 himself
1116 4099 1169 4155 but
1182 4104 1213 4155 to
1231 4099 1275 4155 hin

174 4182 249 4239 tloek
259 4182 335 4238 from
347 4184 537 4249 Mantiniam,
549 4186 644 4241 would
656 4192 708 4241 not
718 4202 769 4240 usa
782 4184 832 4240 the
844 4186 1013 4240 excitament
1027 4184 1060 4240 ot
1071 4184 1121 4239 the
1130 4185 1232 4256 people
1244 4200 1275 4238 as

151 4299 156 4305 ·
175 4286 194 4324 a
207 4285 304 4324 means
318 4270 352 4324 of
366 4271 534 4336 resistance3
550 4288 582 4326 aa
596 4271 633 4326 he
647 4288 710 4343 says
724 4271 755 4325 in
770 4270 814 4326 his
832 4272 962 4343 Epiatles.
992 4266 1084 4338 [Sea]
1119 4270 1180 4323 The
1197 4285 1275 4323 same

174 4354 312 4411 Ambroae
325 4355 418 4409 would
432 4362 483 4411 not
496 4372 547 4411 uae
563 4356 613 4413 the
630 4358 721 4413 forces
736 4357 770 4413 of
787 4358 927 4412 Maximus
941 4357 1051 4427 against
1064 4354 1114 4409 the
1128 4356 1276 4425 Emperor,

174 4440 284 4513 though
298 4441 367 4496 both
379 4457 417 4494 an
431 4442 518 4496 Arian
532 4443 587 4497 and
600 4460 637 4497 an
649 4442 844 4515 oppressores
856 4440 904 4497 the
916 4441 1039 4497 Ghurch.
1075 4440 1115 4493 So
1129 4438 1210 4493 when
1224 4438 1275 4492 Ju-

174 4526 233 4583 lian
247 4527 297 4583 the
311 4526 448 4601 Apoatate
461 4544 517 4583 was
530 4529 667 4600 pursuing
681 4530 730 4586 the
744 4534 819 4586 most
833 4526 1003 4583 destructive
1019 4524 1154 4589 counsels,
1168 4524 1206 4579 he
1220 4540 1275 4581 was
