3234 5125
335 342 377 403 10
627 348 723 414 QUID
747 347 917 413 BELLUM,
941 347 1038 413 QUID
1060 346 1140 403 JUS.
1319 342 1394 415 [tra
1408 348 1433 403 1.

411 514 452 580 X.
496 516 517 579 1
550 513 630 581 ⁰Jus
651 514 795 581 naturale
819 521 868 581 est
895 512 1045 580 dictatum
1074 520 1170 579 rectoe
1194 510 1333 591 rationis,
1356 512 1437 580 indi·

336 636 410 683 cans
426 612 507 681 actui
525 614 626 691 alicui,
650 636 690 679 ex
706 614 772 702 ejus
789 612 1004 680 convenientia
1018 619 1074 678 aut
1090 612 1351 679 disconvenientia
1366 636 1437 679 oum

336 716 404 804 ipsa
420 722 534 781 natura
549 713 694 779 rationali
710 735 746 779 ac
766 712 898 788 ³sociali,
921 711 1021 778 inesse
1035 712 1184 778 moralem
1201 712 1436 799 turpitudinem,

337 823 394 882 aut
408 814 623 880 necessitatem
638 814 795 889 muralem,
816 835 854 878 ac
869 821 1093 898 consequenter
1114 812 1156 877 ab
1171 821 1300 879 auctore
1314 821 1438 879 natura

338 916 407 981 Deo
424 914 520 981 talem
536 922 639 979 sctum
654 921 710 980 aut
726 912 837 990 samm,
853 921 911 978 aut
922 911 1057 999 proecipi.

415 1016 435 1079 2
469 1014 567 1079 Actus
589 1012 759 1100 dequibus
782 1012 847 1078 tale
869 1020 972 1079 exstet
988 1011 1149 1089 dictatum,
1171 1008 1270 1078 debiti
1294 1019 1368 1078 sunt
1382 1020 1439 1079 snt

338 1113 436 1180 illiciti
464 1134 522 1200 per
547 1134 591 1190 es,
625 1115 740 1198 ⁴atque
766 1112 838 1177 idco
863 1133 885 1177 a
912 1112 981 1177 Deo
1008 1110 1182 1177 necessario
1209 1112 1358 1199 precepti
1381 1122 1439 1180 ant

339 1213 429 1282 vetiti
444 1212 679 1301 intelliguntur:
705 1233 768 1298 qua
790 1220 866 1277 nota
888 1210 983 1277 distat
1005 1211 1064 1275 hoo
1084 1210 1137 1297 jus
1161 1233 1224 1275 non
1244 1212 1286 1277 ab
1302 1212 1439 1278 humano

339 1322 461 1380 tantum
472 1312 555 1400 jure,
581 1312 636 1378 sed
653 1319 687 1378 et
703 1334 723 1378 a
739 1310 843 1377 divino
858 1309 1042 1386 voluntario,
1065 1310 1148 1398 quod
1165 1332 1228 1375 uon
1244 1332 1283 1376 ea
1296 1312 1440 1400 praecipit

338 1421 395 1479 aut
410 1420 585 1498 vetatque
604 1432 661 1499 per
683 1433 718 1479 se
740 1433 778 1477 ac
802 1417 913 1496 suapte
937 1417 1051 1475 natura
1075 1418 1132 1476 aut
1150 1410 1256 1476 debita
1276 1420 1359 1488 sunt,
1384 1419 1440 1479 aut

340 1512 456 1590 illicita,
480 1512 536 1577 sed
552 1510 687 1577 vetando
703 1510 819 1587 illicite,
845 1509 1055 1597 precipiendo
1072 1508 1179 1575 debita
1193 1509 1277 1575 facit.

415 1614 438 1677 3
471 1610 525 1677 Ad
547 1610 627 1696 juris
653 1617 758 1677 autem
784 1609 937 1675 naturalis
960 1608 1160 1687 intellectum,
1185 1609 1355 1676 notandum
1382 1618 1439 1688 est,

384 1819 455 1873 ch
473 1820 584 1869 naturale
601 1824 637 1867 est
659 1819 773 1867 dictam
796 1823 867 1867 rede
915 1818 953 1867 Μ.
971 1818 1117 1875 muamus,
1130 1818 1185 1867 Lib.
1200 1832 1232 1867 η.
1245 1819 1322 1868 rs'hes
1332 1820 1443 1881 loytres

340 1896 452 1957 rationis]
468 1896 539 1944 Philo
548 1896 618 1954 libro,
633 1909 728 1942 omnem
736 1896 813 1941 virum
823 1896 867 1941 bo·
915 1892 992 1953 (aar,
1003 1893 1035 1938 τὸ
1049 1892 1156 1939 ἕπεσθαι
1170 1895 1210 1955 τᾷ
1225 1896 1273 1949 τῆτ
1286 1894 1387 1943 erchem
1400 1900 1444 1944 καὶ

341 1986 400 2018 num
415 1986 467 2018 sess
481 1972 599 2028 liborum
614 1969 699 2029 Νόμος
717 1970 742 2017 dl
758 1968 868 2029 ἀψουδοὶο
916 1968 1051 2015 voluutas
1064 1969 1112 2023 τῆο
1123 1968 1304 2029 πρεσβυτάτης
1316 1970 1387 2031 λόγῳ
1400 1972 1442 2021 stul

341 2045 355 2091 ὁ
372 2045 444 2104 optes
465 2046 552 2105 Myos,
565 2048 612 2105 οὐχ
627 2046 676 2091 s'rrd
692 2046 739 2092 τοῦ
755 2044 868 2103 deivos-,sl
917 2044 1001 2103 decusso*
1006 2057 1012 2069 ¹
1030 2042 1056 2103 [ξ
1068 2042 1116 2100 16].
1146 2042 1218 2089 linis
1233 2044 1387 2091 manum
1399 2060 1444 2092 ra-

341 2122 388 2167 τοῦ
398 2121 477 2166 deiros
485 2119 583 2175 θνητοῦ,
589 2118 712 2179 φθαρτὸς,
719 2121 761 2167 otr
771 2120 797 2167 ἐν
806 2136 868 2181 χορ·
917 2118 980 2165 seue
994 2117 1114 2174 mittete,
1127 2120 1195 2178 equi
1208 2119 1280 2179 loom
1293 2134 1325 2166 ac
1338 2134 1444 2167 m

341 2192 450 2247 radiosus?
458 2192 566 2248 ursillum
571 2192 673 2252 ἄψυχος
682 2191 801 2253 ἀψύχοις,
808 2192 868 2241 ἀλλ’
917 2193 1022 2239 ciuitatis
1032 2208 1063 2241 ac
1071 2194 1206 2254 reipublice
1216 2196 1317 2242 mian
1326 2198 1444 2258 antiposit-

343 2269 384 2313 ὑπ’
407 2267 533 2314 ἀθανάτου
550 2268 659 2326 φύσεως,
676 2266 818 2326 ἄφθαρτος,
843 2269 869 2315 ts
916 2269 990 2315 due.
1005 2269 1077 2315 Adde
1088 2270 1210 2316 Ciceronis
1219 2271 1298 2317 locum
1308 2273 1338 2319 de
1348 2272 1444 2333 Repab

333 2340 458 2389 ’ἀθανάτω
475 2342 572 2403 διανοίᾳ
586 2341 722 2389 macele·
740 2342 793 2389 Les
806 2358 868 2389 nen.
917 2342 968 2389 ls’ca
982 2356 1023 2391 111.
1034 2358 1105 2405 quem
1116 2345 1215 2393 adducit
1225 2346 1364 2395 Lactantius
1375 2349 1444 2397 rae.

343 2420 386 2465 sin·
395 2418 474 2467 nescia
483 2422 517 2465 est
530 2422 596 2464 rectu
610 2420 681 2477 ratio,
696 2433 749 2479 quor
763 2420 809 2477 lex,
823 2435 869 2467 aon
918 2418 1037 2465 Praeclars
1051 2425 1109 2466 sunt
1126 2434 1181 2480 qun
1195 2421 1220 2466 ln
1235 2422 1297 2468 hene
1311 2436 1362 2469 rem
1371 2424 1445 2471 hebet

343 2495 374 2540 ab
385 2494 427 2541 hoe
439 2498 481 2541 aut
493 2494 536 2540 s'llo
545 2493 642 2540 mortali
652 2494 767 2553 mortalis,
781 2508 829 2540 non
843 2496 869 2541 tu
920 2493 1104 2555 chrysostomus
1114 2509 1232 2552 xrr,xm.
1242 2498 1273 2544 de
1282 2500 1376 2545 statuis.
1392 2500 1446 2547 Neo

342 2571 433 2616 chartis
446 2575 489 2617 aut
504 2569 617 2616 columnis
625 2570 742 2617 unanimis
751 2572 869 2630 exanima,
918 2572 1127 2633 spernendaque
1146 2573 1253 2620 Thomas
1273 2574 1383 2622 Secunda
1402 2577 1445 2622 Se-

342 2646 385 2693 ssd
398 2644 517 2705 cemsmpt
531 2645 618 2702 meta,
631 2646 717 2706 quippe
729 2647 760 2691 ut
773 2646 869 2693 immor·
918 2645 1003 2692 cunda
1013 2659 1075 2692 mr.
1085 2649 1109 2694 2,
1119 2651 1145 2694 et
1161 2649 1413 2698 succurrentem.

342 2720 389 2766 tali
398 2725 487 2766 mura
496 2720 614 2780 inalpta
628 2721 654 2766 s'n
663 2719 792 2766 immortali
801 2721 870 2768 intet-
964 2719 976 2748 ⁸
989 2721 1068 2768 Voces
1080 2722 1142 2779 illas,
1152 2736 1182 2769 us
1195 2723 1289 2778 metali,
1300 2738 1445 2785 quamquam

343 2795 409 2842 tecua
440 2795 510 2856 [Peg.
522 2793 626 2856 stum]
657 2795 820 2844 Tertullianus
841 2797 871 2845 de
918 2795 1063 2843 tnumnibns
1073 2796 1231 2854 Edddssint,
1246 2799 1393 2847 confidenter
1402 2802 1445 2847 sd.

345 2868 872 2933 coronum1ute:[cap.vt]Quaerestquur
920 2872 1031 2928 didimus,
1052 2877 1183 2919 Auctorem
1199 2873 1279 2934 ipsum
1298 2875 1383 2923 ducem
1406 2891 1445 2923 se-

342 2945 393 2992 Des'
407 2946 486 3006 leuem
500 2945 587 2992 tuom
601 2959 740 2992 communem
755 2947 827 2992 taum
845 2948 872 2994 s'ss
920 2949 998 3010 qunti,
1008 2949 1050 3010 qul
1060 2949 1149 3012 infrs§
1162 2951 1199 3007 12,
1213 2964 1275 2998 san.
1285 2964 1304 2997 1.
1314 2952 1445 3011 esshsbet

338 3020 436 3080 publico
454 3019 543 3078 numdi,
562 3020 589 3068 s'a
607 3020 758 3068 naturalitus
773 3023 871 3072 tabulis.
920 3031 947 3072 et
961 3027 1015 3073 heic
1033 3041 1049 3074 s
1070 3027 1237 3091 Typographis
1259 3029 1357 3078 omium
1375 3031 1446 3078 facile

342 3303 425 3370 Iassr3
442 3302 540 3358 δίκαιον
553 3304 668 3376 φυσικὸν
681 3308 738 3363 sud
753 3307 850 3362 δίκαιον
864 3311 974 3380 νομικὸν,
991 3311 1057 3367 Eth.
1074 3315 1178 3368 Nicom.
1191 3329 1220 3369 v.
1236 3312 1292 3387 to‚]
1309 3335 1343 3374 or
1356 3319 1442 3376 Insti-

345 3391 428 3447 tutcd
439 3391 515 3458 Lars,
528 3391 559 3446 τὸ
574 3391 602 3445 ἐν
614 3391 695 3460 τάξει.
730 3394 792 3450 The
803 3395 925 3452 Hebrerr
940 3397 991 3452 has
1006 3414 1024 3452 s
1037 3398 1094 3452 like
1108 3399 1280 3457 distinction.

396 3477 435 3532 X.
471 3483 486 3531 1
510 3477 632 3532 Natural
651 3480 719 3534 haur
737 3481 761 3535 is
782 3480 833 3536 the
854 3482 969 3537 Dictate
989 3482 1023 3537 of
1038 3483 1128 3554 Right
1151 3487 1273 3552 Resaon,
1290 3489 1447 3563 indlcsting

341 3561 406 3616 that
421 3579 478 3632 any
493 3568 549 3626 act,
569 3561 645 3616 from
659 3565 695 3619 its
709 3573 873 3636 agreement
892 3585 926 3623 or
943 3569 1149 3640 disagreement
1166 3571 1235 3627 with
1252 3573 1304 3630 the
1324 3577 1446 3633 rational

347 3642 415 3716 [and
430 3644 549 3712 soctal*]
569 3652 670 3702 nature
688 3647 734 3716 [of
745 3649 824 3716 man]
837 3651 889 3707 hae
902 3653 932 3706 in
946 3653 970 3708 it
983 3671 1002 3707 a
1015 3654 1105 3709 moral
1119 3657 1264 3727 turpitude
1277 3676 1310 3716 or
1325 3662 1446 3717 amoral

342 3731 497 3800 necessit53
514 3730 571 3784 and
585 3735 787 3804 consequently
799 3734 863 3790 that
876 3738 947 3792 such
957 3744 1004 3794 act
1016 3741 1039 3793 is
1050 3740 1201 3798 forbidden
1216 3759 1249 3796 or
1259 3747 1447 3802 commanded

341 3814 380 3886 by
396 3815 468 3877 (lod,
481 3814 531 3868 the
545 3815 648 3870 author
662 3817 696 3872 of
708 3825 819 3874 nature.

394 3906 411 3953 2
434 3899 502 3954 Acts
517 3901 687 3974 concerning
700 3904 791 3960 which
806 3905 889 3962 there
912 3908 936 3963 is
958 3908 1028 3965 such
1044 3927 1063 3965 a
1075 3911 1190 3968 Dictste
1206 3927 1257 3967 are
1279 3911 1446 3986 obligstory,

345 3979 476 4056 [morally
488 3985 654 4059 necessum]
667 4005 701 4045 or
714 4006 763 4045 are
777 3992 921 4058 unlawful,
935 3995 966 4049 in
979 3995 1155 4063 themselves,
1169 3997 1226 4054 and
1240 4014 1290 4054 ara
1300 3997 1447 4055 therefore

341 4069 516 4125 understood
530 4087 561 4126 as
575 4077 745 4148 necessarily
758 4080 946 4134 commanded
965 4098 1000 4135 or
1019 4081 1169 4139 forbidden
1184 4085 1224 4157 by
1238 4084 1321 4150 God;
1341 4085 1399 4140 and
1415 4087 1447 4141 in

341 4155 398 4212 thie
417 4155 571 4223 character,
586 4158 709 4216 Natural
727 4163 795 4218 Low
808 4164 912 4230 differs,
928 4173 981 4222 not
998 4167 1067 4239 only
1079 4169 1155 4226 from
1172 4170 1287 4226 Human
1301 4172 1377 4237 herr,
1393 4172 1447 4228 but

342 4241 416 4298 from
433 4243 557 4299 Posltlrc
575 4245 678 4302 Dirine
696 4248 773 4315 Lars,
786 4251 878 4306 which
898 4253 966 4308 does
984 4261 1035 4310 not
1055 4254 1150 4312 forbid
1167 4274 1201 4312 or
1222 4258 1372 4313 command
1386 4265 1447 4316 scta

342 4329 440 4396 which,
451 4329 482 4385 iu
493 4330 660 4389 themselves
674 4335 731 4390 and
746 4335 784 4408 by
797 4336 873 4392 their
883 4354 945 4394 own
956 4347 1066 4406 nature,
1077 4357 1126 4396 sre
1140 4343 1234 4400 either
1245 4344 1405 4418 obligatory
1416 4362 1450 4401 or

392 4477 409 4511 ¹⁸¹
425 4480 513 4530 Added
521 4481 554 4544 by
562 4481 706 4546 Barbeyrao,
716 4486 778 4534 trum
787 4487 854 4535 what
862 4488 958 4538 follows
967 4503 1017 4538 111.
1029 4492 1050 4540 1.
1082 4491 1128 4541 See
1137 4494 1188 4542 she
1196 4495 1281 4556 ebore,
1292 4509 1332 4544 111.
1343 4499 1366 4544 1.
