3234 5125
314 334 376 375 xxx
732 321 759 375 J.
784 320 1042 377 BARBEYRAOII

313 488 442 565 venerit,
459 487 518 553 hoc
541 507 609 553 esse
625 484 735 553 vitium
751 508 912 553 commone
926 486 1061 553 omnium
1078 486 1246 565 hominnm,
1266 487 1361 554 etiam
1379 488 1463 553 Ern-

314 588 540 664 ditissimorum,
557 595 669 653 utnon
686 606 810 673 semper
825 587 867 653 ad
883 586 987 653 omnia
1001 586 1077 653 satis
1092 587 1275 653 adtendant.
1301 588 1463 653 Praeterea

312 689 345 757 id
362 698 467 755 nestro
483 685 603 763 accidit,
616 685 700 772 quod
716 685 753 751 iis
769 685 894 754 solenne
904 694 962 763 est,
975 685 1028 771 qni
1044 708 1158 775 magna
1174 686 1322 753 memoria
1333 686 1460 773 pollent,

312 797 348 855 ut
363 787 478 857 scilicet
494 785 538 852 illi
554 785 644 851 nimis
660 806 767 851 seems
784 784 950 851 confidant.
1003 786 1094 852 Adde
1116 786 1200 871 quod
1216 785 1312 851 rariie
1331 786 1462 852 distrac-

311 897 363 956 tos
385 886 516 975 negotiis
541 894 574 951 et
597 884 716 961 studiis,
740 905 777 951 eo
800 893 940 971 tempore
962 883 1005 950 sic
1026 884 1101 951 satis
1121 884 1218 962 brevi,
1244 885 1327 970 qnod
1350 884 1383 949 iu
1400 887 1461 951 hoe

311 1009 407 1075 opere
425 982 612 1053 elaborando
634 983 809 1061 consumsit,
834 984 917 1049 forte
940 983 1034 1049 etiam
1057 1006 1119 1049 non
1143 983 1250 1070 paucis
1274 1006 1381 1049 eorum
1404 984 1462 1049 Li·

310 1089 447 1164 brorum,
480 1106 558 1172 quos
592 1091 681 1149 tanto
711 1104 841 1149 numero
865 1082 1014 1160 laudavit,
1041 1083 1225 1161 destitutus3
1263 1106 1327 1148 non
1357 1083 1461 1170 potuit

311 1208 433 1274 semper
449 1184 597 1251 adcurate
618 1182 722 1249 omnia
737 1183 924 1270 expendere
970 1184 1054 1249 Hinc
1069 1182 1143 1249 licet
1157 1181 1279 1249 infinita
1294 1182 1361 1267 ejus
1377 1191 1461 1249 eset

310 1286 410 1363 lectio,
426 1296 460 1352 et
477 1284 530 1350 vix
541 1282 647 1358 ullum,
665 1291 750 1369 puto,
765 1283 937 1349 Auctorem
952 1280 1145 1358 indicaverit,
1160 1281 1247 1367 cnjus
1262 1282 1380 1369 scripta
1395 1304 1459 1347 non

309 1385 501 1475 perlegisset,
525 1391 580 1449 aut
595 1381 704 1448 mltem
720 1382 957 1468 perlustrassem
979 1380 1145 1467 aliquando
1167 1380 1235 1446 loca
1250 1382 1394 1467 quedam
1417 1403 1459 1447 ex

310 1485 388 1563 aliis,
410 1493 484 1551 tunc
501 1481 625 1547 minime
641 1480 788 1568 inspecta,
810 1480 922 1547 tacitus
945 1480 1116 1567 exscripsit,
1141 1479 1235 1573 etsie
1260 1481 1294 1545 in
1318 1502 1458 1547 errorem

310 1584 454 1672 delapsus
476 1590 534 1661 est,
555 1588 592 1647 ut
617 1602 657 1646 ex
683 1579 858 1647 certissimis
879 1579 999 1646 indiciis
1022 1579 1222 1666 deprehendi.
1272 1579 1459 1667 Exemplum

310 1684 507 1751 menifestum
531 1681 628 1747 habes
653 1680 720 1745 Lib.
738 1679 784 1747 11.
808 1700 874 1767 cap.
901 1701 994 1745 xvru.
1023 1673 1090 1773 §L
1116 1688 1192 1745 nota
1208 1679 1263 1763 (a).
1289 1678 1343 1743 ubi
1360 1679 1460 1745 verba

312 1784 448 1851 Ouraou
463 1803 521 1869 pro
538 1779 642 1847 uerbis
658 1780 829 1847 Vanaours
847 1778 961 1857 adfert,
983 1787 1142 1844 errantem
1165 1787 1315 1864 sequutus
1331 1779 1459 1843 Drous-

312 1904 391 1951 sunu
409 1884 672 1950 Goruosannuu
688 1878 721 1942 in
735 1880 777 1945 L.
790 1877 843 1947 17.
859 1880 904 1943 D.
919 1881 972 1943 De
988 1880 1193 1962 Lspationib.
1212 1885 1247 1943 ut
1262 1876 1336 1943 alibi
1350 1878 1459 1943 ecdem

310 1982 496 2049 festinanter
517 1980 607 2055 lecto,
631 1977 854 2066 etymologiam
870 1976 953 2043 uocis
976 1978 1203 2052 Territorium,
1225 1999 1246 2042 a
1267 1989 1358 2043 terro
1379 1976 1458 2063 peti·

311 2088 386 2158 tam,
404 2082 584 2145 Faourrso
601 2075 720 2151 tribuit,
739 2096 809 2160 qua
825 2078 961 2142 Cursori
978 2074 1072 2141 etiam
1089 2084 1146 2151 eet,
1168 2075 1237 2141 Lib.
1252 2076 1311 2141 111.
1330 2096 1397 2161 esp.
1412 2095 1456 2141 vr.

311 2175 329 2271 p
346 2182 379 2246 4.
403 2199 486 2243 num.
504 2180 533 2241 2.
586 2174 639 2239 Sic
656 2173 724 2239 Lib.
745 2173 772 2238 I.
794 2195 915 2260 capu.
940 2167 959 2267 b
975 2176 1006 2239 3.
1024 2196 1108 2241 num.
1124 2176 1155 2240 2.
1177 2175 1282 2250 rerba,
1299 2183 1458 2260 tamquam

308 2277 426 2351 anu,
444 2275 551 2349 refert,
563 2292 694 2357 quorum
710 2292 785 2357 pars
800 2280 923 2337 tantum
933 2273 1017 2358 apud
1034 2272 1120 2339 illum
1136 2273 1317 2360 scriptorem
1331 2271 1457 2362 legitur,

308 2384 345 2440 ut
369 2374 401 2439 in
419 2380 495 2440 nota
518 2376 538 2438 5
562 2370 606 2435 ibi
631 2370 744 2437 monui.
804 2371 884 2437 Post
905 2372 1023 2437 Nolam
1038 2371 1123 2437 illam
1141 2381 1246 2438 eutem
1267 2372 1353 2460 typis
1373 2394 1459 2438 man-

307 2474 424 2549 datam,
447 2494 521 2537 casu
545 2468 650 2557 reperi
670 2469 788 2535 fontem
814 2470 940 2547 erroris,
961 2470 994 2535 in
1010 2472 1124 2536 Mance
1141 2471 1334 2547 Lucrum,
1356 2471 1458 2537 Juris-

307 2572 437 2639 consulti
451 2571 554 2647 Frisii,
577 2567 791 2645 Membraoia
805 2591 877 2657 quse
893 2572 1077 2638 ann01608
1094 2571 1285 2658 prodierant,
1302 2571 1370 2638 Lib.
1380 2573 1456 2640 Vll.

306 2675 421 2758 Eclop.
442 2692 520 2736 xuu.
538 2689 610 2756 pag.
627 2670 704 2745 394,
727 2668 781 2734 ubi
805 2669 980 2755 conjunctio
1004 2670 1058 2737 illa
1079 2669 1213 2736 duorum
1231 2671 1367 2737 locorum
1385 2693 1457 2757 per·

306 2793 414 2859 peram
430 2771 513 2837 facta
529 2768 638 2835 eodem
654 2767 746 2854 plane
762 2768 854 2834 modo
870 2768 996 2856 legitur.

379 2873 492 2958 Neque
515 2867 599 2948 talia,
622 2876 678 2934 aut
694 2867 787 2933 etiarn
802 2867 950 2956 graviora
973 2875 1110 2954 peccam,
1133 2869 1174 2935 ad
1197 2891 1249 2936 res
1264 2868 1347 2955 ipsas
1369 2891 1457 2957 spec·

306 2971 415 3048 tantia,
438 2970 504 3036 sine
527 2967 768 3054 exprobratione
787 2967 900 3043 notari,
923 2967 1043 3033 Auctor
1064 2967 1140 3054 ipse,
1164 2967 1240 3033 siin
1262 2967 1340 3034 vivis
1362 2977 1454 3047 esset,

304 3090 391 3155 segre
407 3068 514 3134 ferret
568 3065 651 3143 Quin
667 3065 781 3149 potius,
799 3087 861 3152 quo
877 3075 948 3131 erat
963 3065 1099 3155 ingenio,
1125 3065 1318 3132 monentibus
1335 3067 1455 3155 gratias

303 3165 483 3233 habiturum
510 3170 542 3228 et
568 3171 711 3229 acturum
738 3163 841 3240 fuisse,
871 3163 948 3228 mibi
979 3186 1160 3251 persuasum
1190 3174 1247 3232 est.
1297 3166 1455 3232 Nonnulla

303 3263 379 3352 ipse,
407 3273 569 3352 postquam
586 3259 815 3340 animadvertit,
843 3261 950 3328 stetim
967 3264 1153 3341 emendarit,
1179 3275 1216 3331 ut
1239 3287 1279 3331 ex
1294 3285 1454 3352 compara·

302 3363 389 3430 tione
410 3363 549 3450 priorum
566 3360 745 3428 Editiouum
762 3360 1119 3450 aliquoties'obserravi
1171 3364 1317 3451 Exempli
1339 3364 1452 3452 gratia,

303 3462 371 3528 Lib.
393 3464 435 3528 Il.
466 3486 534 3548 esp.
553 3483 646 3528 xxrv.
675 3459 744 3559 ld.
772 3464 905 3528 num.1.
935 3461 969 3528 in
995 3463 1096 3549 prima
1125 3463 1271 3529 Editione
1298 3465 1453 3529 Josnrso

302 3559 399 3623 verba
427 3561 594 3634 tribuebat,
623 3581 695 3642 quse
720 3559 866 3624 Pernoru
889 3571 999 3643 postea
1026 3562 1172 3627 restituit
1225 3563 1292 3629 Lib.
1315 3564 1357 3627 Il.
1385 3585 1452 3649 cap.

302 3674 396 3720 xum.
417 3651 433 3749 d
450 3654 483 3723 7.
500 3656 533 3719 in
550 3653 659 3719 eedem
677 3653 835 3732 Editione,
853 3656 906 3719 nbi
923 3657 1040 3722 dictum
1056 3658 1213 3740 quoddam
1231 3662 1396 3744 Scipionis
1412 3683 1454 3726 ex

300 3753 398 3817 Lrvro
415 3759 611 3824 narraverat,
634 3751 825 3814 aVaunaro
842 3753 987 3815 Maxruo
1008 3755 1095 3818 bane
1111 3755 1143 3817 ei
1166 3757 1326 3820 tributam
1346 3781 1452 3823 vocem

298 3848 453 3914 addebat:
482 3851 550 3912 Isto
573 3858 601 3910 te
623 3857 718 3923 metu,
746 3848 879 3922 Hanno,
899 3850 985 3928 fides
1006 3851 1154 3912 civitates
1177 3862 1296 3913 oostroe
1322 3853 1449 3916 liberat.

298 3944 450 4012 Distinxit
466 3945 578 4010 deinde
599 3942 651 4018 sio,
678 3963 749 4026 quse
773 3943 855 4008 male
878 3943 1077 4008 confuderat:
1112 3945 1263 4010 Valeriae
1277 3948 1450 4014 Maximus

300 4045 493 4111 Consulibus
504 4043 662 4107 Romanis
671 4042 708 4104 ιἰι
709 4041 808 4122 fecto
819 4041 932 4114 simili,
949 4044 1006 4106 sed
1019 4043 1213 4126 antiquiore,
1230 4043 1314 4108 bunc
1332 4045 1449 4112 sebois

296 4161 426 4214 ooccm‚·
445 4142 509 4204 Isto
523 4148 556 4203 te
573 4146 668 4213 metu,
688 4145 746 4204 eto.
786 4138 855 4204 Lib.
873 4139 915 4202 ΙΙ.
933 4158 1000 4223 cap.
1017 4159 1072 4206 xv.
1093 4133 1111 4232 d
1126 4141 1157 4203 3.
1174 4161 1257 4204 num.
1274 4143 1304 4206 1.
1324 4142 1448 4210 deloco

298 4239 441 4304 Samson
465 4236 570 4302 Patris
592 4234 638 4300 ita
654 4235 751 4301 habet
773 4234 874 4322 prima
896 4235 1020 4304 Editio:
1045 4240 1124 4304 Non
1140 4240 1187 4303 od
1203 4242 1356 4327 antiquos
1371 4244 1447 4311 illos

295 4340 512 4420 Imperatores
531 4336 684 4421 pertinet,
709 4333 748 4402 id
763 4346 819 4412 est,
844 4336 919 4402 belli
940 4337 1046 4414 duces,
1069 4340 1126 4404 sed
1142 4340 1189 4403 ad
1210 4341 1362 4420 Cesar-cs,
1389 4346 1447 4429 qui
