3234 5125
145 350 218 408 Onu.
231 350 270 422 1.]
443 355 540 423 QUID
563 356 730 424 BELLUM,
755 357 852 423 QUID
874 359 953 414 ms.
1226 352 1247 415 3

224 522 245 587 2
279 520 392 606 Neque
412 518 505 606 hujus
529 518 659 587 nominis
685 519 773 610 origo
795 528 971 611 repugnet3
996 528 1045 587 est
1072 520 1155 587 enim
1182 521 1247 589 hol-

145 619 213 687 lum
228 641 270 685 ex
286 642 362 686 voee
378 619 478 687 reteri
494 620 640 698 duellum,
656 630 692 687 ut
710 621 831 688 duonus
847 622 931 708 quod
948 621 1052 689 fueret
1067 621 1183 689 suetum
1199 630 1247 689 est

146 720 258 798 mnus,
283 728 317 787 et
341 720 411 787 duis
436 720 491 789 bis
536 714 682 787 Duellum
705 730 810 789 nutem
834 743 855 787 s
876 720 997 788 duobus
1018 719 1135 790 dietum
1155 721 1247 788 simili
1258 731 1405 817 ww

146 840 251 897 sensu
267 842 329 905 quo
348 841 457 906 punem
481 819 633 887 unitatem
653 819 790 887 dicimus.
839 820 891 887 Sio
908 819 1029 888 (lraeois
1048 843 1088 887 er
1110 822 1246 891 multitu-
1258 804 1382 921 wi„

146 918 232 987 dinis
255 918 476 1009 signiiestione
500 915 668 999 πόλεμοιε
694 918 852 987 veteribus
875 920 971 989 etium
989 915 1054 1005 λῦη
1075 943 1097 988 e
1120 921 1249 989 dissolu·

147 1018 245 1097 tione,
262 1020 415 1107 quomodo
431 1030 465 1087 et
481 1020 620 1107 eorporis
635 1019 794 1089 dissolutio
808 1013 892 1102 ’δύνῃ

227 1120 250 1185 3
282 1120 394 1207 Neque
415 1142 490 1187 usus
511 1119 613 1187 ³voois
634 1119 784 1190 leniorem
806 1121 888 1187 hene
909 1120 1067 1188 notionem
1092 1120 1248 1209 repudiet.

152 1218 246 1297 Quod
261 1217 288 1286 si
303 1220 428 1306 quando
445 1220 517 1289 belli
533 1242 645 1287 nomen
668 1219 790 1307 publioo
804 1228 926 1288 uotum
946 1220 1105 1298 tribuitur,
1121 1220 1199 1287 nihil
1216 1221 1250 1289 id

150 1317 241 1385 nobis
255 1319 368 1398 obstet,
385 1342 455 1385 oum
469 1318 672 1389 uertissimum
688 1319 740 1398 sit,
757 1342 871 1393 nonen
885 1320 1011 1410 generis
1026 1342 1112 1410 supe
1126 1321 1248 1408 speciei,

151 1418 325 1504 presertim
351 1419 568 1497 exoellentiori,
594 1419 792 1506 peculiariter
815 1420 1039 1489 edhoerseeere.
1089 1420 1251 1489 Justitiem

152 1516 186 1583 in
202 1517 379 1585 delinitione
394 1540 457 1587 non
476 1518 608 1597 inoludo,
625 1519 699 1607 quiu
714 1520 774 1587 hoo
795 1520 898 1608 ipsum
913 1520 947 1589 in
966 1522 1027 1589 heo
1041 1520 1251 1609 disputetione

154 1616 329 1703 querimus,
343 1618 423 1687 sitne
438 1618 563 1706 sliquod
576 1618 691 1685 bellum
703 1618 833 1706 justum,
856 1631 889 1688 et
905 1621 989 1707 quod
1004 1621 1119 1689 bellurn
1131 1619 1251 1708 justum

151 1716 203 1783 sit
254 1715 414 1806 Distingui
429 1728 534 1787 nutem
557 1718 652 1787 debu
670 1718 815 1807 inquot
834 1720 997 1808 queritur,
1016 1720 1112 1791 ebeo
1130 1722 1170 1790 (le
1189 1742 1251 1806 quo

151 1815 316 1903 queritur.

233 1912 299 1979 111.
353 1916 372 1979 1
407 1915 458 1980 De
478 1914 552 2001 jure
576 1915 650 1983 belli
671 1938 741 1983 oum
768 1916 963 1985 inscribimus
987 1918 1070 1983 hene
1095 1917 1254 1985 treotntio-

154 2034 237 2091 nem,
263 2012 398 2099 primurn
422 2014 483 2079 hoo
508 2014 609 2101 ipsum
625 2014 835 2105 intelligimus,
861 2018 945 2102 quod
967 2016 1083 2082 dietum
1101 2015 1169 2103 jum
1194 2024 1252 2094 est,

154 2111 237 2181 sitne
263 2112 378 2181 bellum
398 2112 525 2200 aliquod
542 2114 672 2203 justum,
693 2124 726 2183 et
750 2116 863 2185 dende
881 2115 958 2205 quid
980 2116 1035 2183 inb
1056 2116 1116 2182 ello
1132 2115 1253 2205 justum

156 2320 202 2367 qno
217 2306 255 2353 oet
265 2311 421 2367 proeporw
434 2307 530 2369 aliquid
538 2321 627 2367 puqm
639 2320 679 2354 ne-
729 2308 823 2369 stotyl.
834 2322 859 2368 p.
868 2308 922 2358 419.
952 2307 994 2355 Ad
1007 2308 1054 2353 hoe
1063 2308 1208 2368 uemplurn,
1222 2308 1255 2354 τό

158 2382 292 2438 ment,
300 2382 338 2427 nel
347 2396 394 2442 qun
400 2396 484 2443 pugno
492 2382 590 2442 gerino.
611 2382 680 2429 Ρη.
729 2385 787 2440 Ain,
798 2384 864 2444 quod
872 2383 937 2431 inter
946 2384 1001 2442 slis,
1012 2397 1057 2443 per
1069 2382 1139 2438 λύπη
1154 2382 1256 2443 erponi-

158 2457 215 2504 h'ess
231 2462 308 2505 ment
322 2458 411 2505 dieitur
425 2458 546 2519 confltetur
564 2456 614 2519 ipss
632 2456 680 2505 hel·
728 2460 882 2516 innituntur
893 2463 982 2515 nostoe,
993 2458 1079 2505 veteris
1093 2457 1256 2517 Phnmpute

159 2532 242 2580 lurion
729 2533 824 2594 planitie
852 2533 990 2592 innutritus,
1020 2534 1152 2580 secundm
1182 2546 1255 2594 quem

203 2607 285 2657 ’viu
304 2623 326 2656 e.
336 2622 361 2669 g.
379 2608 464 2656 llornt.
482 2608 534 2656 Set.
549 2623 567 2656 r.
582 2611 605 2658 8.
623 2609 666 2658 107
673 2625 681 2668 ς
729 2609 810 2656 Dolor
831 2614 869 2655 est
892 2609 979 2655 nlntio
1001 2610 1113 2666 wnttnsi,
1132 2607 1185 2656 ἀπὸ
1207 2610 1255 2654 τοῦ

161 2683 259 2732 Terent.
269 2683 335 2731 Eser.
345 2687 402 2731 Aet.
413 2697 431 2730 ι.
442 2685 480 2731 So.
491 2687 513 2732 1.
522 2699 545 2732 v.
556 2684 594 2733 16.
609 2685 681 2733 J.B.
730 2683 777 2728 ete
803 2683 920 2730 deduxit:
951 2682 1126 2730 emnem
1149 2685 1257 2743 putum

205 2758 273 2806 'lte
287 2760 378 2806 hebent
397 2771 480 2805 omnes
496 2760 558 2806 lidul.
577 2765 603 2806 et
622 2761 682 2806 nihil
730 2758 839 2817 eorporis
852 2759 888 2803 itt
906 2771 1032 2817 opponens
1048 2758 1200 2805 diuolutnne‘
1214 2773 1258 2806 seu

164 2834 315 2882 mutandum.
344 2835 375 2879 In
384 2833 556 2882 snimohnhuit
566 2835 682 2895 murelo-
732 2831 829 2876 dissidio
836 2833 976 2888 eurinome,
984 2832 1048 2891 quod
1056 2833 1186 2880 innuitrox
1197 2834 1258 2889 Δΰη,

163 2910 229 2969 glum
239 2909 303 2955 voois
316 2908 385 2962 λίτη
400 2921 415 2954 n
429 2907 550 2956 Punrosn
560 2907 683 2963 traditum,
732 2905 827 2961 nullibi,
844 2906 909 2965 qnod
925 2906 1022 2964 quidem
1038 2906 1119 2963 seium,
1129 2907 1177 2954 olio
1187 2920 1259 2953 sensu

162 2983 214 3030 ἀπὸ
224 2985 271 3038 τῆς
281 2983 415 3030 διαλύσεως
425 2983 472 3028 τοῦ
483 2982 609 3042 σώματος,
619 2981 648 3036 ἣν
658 2982 684 3030 ὲν
732 2985 856 3040 usurpato.
886 2979 914 3028 J.
920 2979 953 3028 B.

162 3058 246 3120 τούτῳ
261 3059 299 3116 τῷ
312 3056 390 3107 πάθει
407 3057 479 3118 ἴσχει
495 3056 528 3104 τι)
544 3059 627 3116 σῶμα.
654 3057 685 3104 In

217 3335 317 3392 Hence
333 3353 375 3392 we
390 3335 427 3392 do
446 3341 498 3392 uot
518 3334 635 3392 exclude
651 3335 778 3406 private*
792 3349 872 3398 were,
892 3331 983 3386 which
1004 3330 1146 3403 preceded
1165 3331 1262 3402 publio

167 3437 248 3488 vers,
260 3423 317 3476 end
328 3421 400 3478 here
414 3421 463 3477 the
477 3439 554 3478 sume
568 3421 658 3492 origin
670 3437 700 3475 es
714 3419 804 3474 those.

218 3513 235 3560 2
259 3508 320 3564 The
339 3525 431 3572 nome,
455 3505 598 3574 (Bellum)
617 3523 710 3562 comes
728 3505 802 3560 from
822 3521 860 3559 sn
881 3502 930 3558 old
949 3502 1025 3557 word
1047 3501 1186 3564 Deoellenru,
1208 3502 1264 3555 sud

169 3593 279 3665 implius
293 3593 342 3649 the
356 3595 516 3665 separation
531 3593 564 3648 of
574 3599 638 3656 turo,
654 3590 720 3659 (duo
728 3589 753 3659 ,·)
767 3607 797 3646 ns
809 3607 897 3663 penos
911 3592 935 3644 is
948 3589 1036 3662 emin,
1049 3587 1131 3643 when
1145 3592 1201 3642 two
1216 3604 1265 3642 ure

168 3679 250 3734 medo
265 3695 327 3734 one.
366 3681 405 3734 So
419 3679 468 3734 the
481 3680 575 3734 Greek
588 3680 703 3747 πόλεμος
715 3678 790 3732 from
804 3675 897 3742 nolte,
910 3693 1003 3746 many.

221 3771 238 3820 3
262 3763 325 3820 The
344 3781 474 3822 eommon
486 3781 535 3820 use
547 3765 581 3819 of
598 3764 649 3820 the
661 3765 737 3819 word
751 3765 823 3819 Wor
833 3764 928 3818 ullove
940 3779 973 3817 ue
984 3768 1014 3817 to
1026 3760 1141 3816 include
1151 3760 1267 3817 Prirnte

169 3849 245 3914 Wer,
260 3851 377 3924 though,
391 3851 461 3906 used
474 3850 625 3923 generally,
638 3851 661 3906 it
675 3850 754 3906 often
768 3867 865 3905 menne
879 3847 1048 3921 speritioslly
1059 3847 1152 3919 publio
1166 3846 1242 3902 Wnr.

222 3936 276 3991 We
287 3937 324 3992 do
338 3945 389 3992 not
403 3953 453 4008 sny
466 3937 529 3993 thet
542 3953 600 3990 rtur
613 3937 636 3990 ie
651 3953 669 3991 n
683 3941 756 3991 stote
770 3936 868 4009 ofjtut
882 3936 1055 3999 contentiori,
1065 3933 1186 3989 because
1201 3948 1266 4003 pre·

168 4020 253 4096 cisely
266 4022 316 4078 the
329 4023 411 4094 point
425 4031 455 4078 to
468 4024 505 4077 be
520 4022 666 4078 exnmined
686 4024 719 4086 ie,
737 4021 874 4076 Whether
896 4021 978 4076 there
994 4021 1031 4074 be
1047 4020 1108 4090 just
1128 4035 1193 4083 ver,
1210 4018 1268 4073 end

165 4105 252 4164 tht
263 4125 319 4164 rur
330 4109 353 4164 ie
363 4109 430 4180 just.
467 4108 531 4163 And
543 4107 685 4163 therefore
692 4123 734 4162 we
743 4113 818 4162 must
827 4106 994 4180 distinguish
1002 4104 1052 4162 the
1063 4105 1180 4176 subject,
1192 4104 1269 4169 Wnr,

167 4191 242 4248 from
253 4193 302 4249 the
316 4195 445 4264 question
457 4193 547 4248 which
560 4210 602 4248 we
616 4194 743 4249 examine
755 4193 925 4263 eonoeming
938 4192 970 4246 iu

223 4277 277 4335 111.
323 4285 338 4334 1
364 4281 407 4353 By
424 4281 556 4353 entitling
574 4296 627 4336 our
648 4280 783 4345 lhostise,
817 4278 862 4355 Os
879 4279 920 4334 the
942 4278 1041 4352 nutu
1060 4278 1096 4353 os
1112 4276 1192 4340 Wars
1226 4289 1270 4328 ’θ

212 4449 227 4478 “
237 4450 267 4498 In
277 4449 509 4514 lnulncllngpn'sete,
522 4453 570 4500 und
583 4453 775 4515 uueehgjue,
786 4453 812 4498 ln
822 4452 860 4498 hie
869 4451 995 4504 defluition
1003 4449 1032 4496 ot
1038 4461 1098 4504 wer,
1108 4447 1139 4494 G.
1149 4457 1227 4492 seems
1243 4448 1270 4492 to

167 4527 263 4576 hersin
273 4527 334 4576 rlerr
342 4527 384 4576 the
399 4529 523 4578 definition
533 4529 561 4578 ot
567 4530 695 4579 Alheriorn
705 4529 825 4590 Gentilts,
837 4529 853 4556 ‘⁴
859 4527 956 4578 Bellum
966 4529 1004 4576 ese
1018 4521 1153 4578 eontentio,
1166 4520 1272 4580 publi&

1080 4604 1171 4668 1-e
