3234 5125
478 359 667 414 EPISTOLA
689 359 741 413 AD
764 360 982 415 LECTOREM.
1246 374 1307 416 xxv

154 534 251 604 erant,
276 533 385 592 contra
400 524 433 590 id
451 524 533 611 quod
550 524 645 590 series
663 524 810 591 orationis
826 535 859 592 et
875 526 1030 592 sententia
1052 526 1215 594 manifesto
1237 551 1308 615 pos·

153 626 263 692 talant.
299 624 475 711 Aliquando
493 624 586 691 etiam
604 624 708 710 plures
725 625 906 690 exciderant
922 647 1023 704 voces,
1041 648 1164 691 sensum
1181 627 1307 714 plenum

152 725 332 791 efficientes:
355 724 441 809 cujus
456 718 688 815 παροράματος
705 724 848 811 exempla
863 724 969 790 videre
984 726 1102 811 poteria
1118 727 1222 813 paullo
1237 738 1308 814 post

153 824 252 890 locum
270 823 338 911 jam
356 821 423 909 jam
439 823 588 901 adlatum,
606 824 660 889 ubi
677 823 860 900 monuimus,
874 823 908 888 in
924 826 1009 890 Nota
1026 825 1056 892 7.
1074 835 1108 890 et
1124 847 1191 913 cap.
1208 849 1306 894 ιιιιιιι.

153 924 221 989 Lib.
239 924 283 989 11.
309 924 394 1009 513.
414 944 499 987 num.
516 923 547 986 1.
570 931 606 987 ut
628 923 765 989 ostendit
780 924 867 988 Nota
885 925 903 987 1
928 923 972 989 ibi
996 924 1146 1010 subjecta
1196 928 1308 1013 Neque

153 1022 235 1088 onim
252 1021 381 1089 ductori
401 1021 466 1087 ulla
483 1028 553 1087 erat
568 1021 649 1088 ratio
666 1022 745 1087 talos
769 1022 940 1088 sententias
962 1032 1072 1109 postea
1087 1024 1247 1111 ejiciendi:
1274 1028 1307 1091 in

153 1121 237 1208 quod
263 1130 337 1187 anto
361 1120 465 1186 omnia
486 1120 719 1187 adcuratissime
741 1120 953 1207 inquisivimus
979 1122 1048 1187 heic
1069 1133 1102 1188 et
1125 1123 1208 1201 alibi,
1231 1148 1307 1212 quo·

153 1221 342 1307 tiescumque
358 1219 476 1306 aliquid
492 1240 685 1308 quecumque
708 1220 749 1286 de
765 1243 875 1287 caussa
889 1222 1070 1287 mutandum
1091 1232 1147 1289 aut
1162 1225 1308 1313 supplen-

152 1320 225 1387 dum
242 1320 417 1387 ridebatur.

226 1421 297 1485 Hoc
312 1418 455 1507 primum.
499 1418 601 1498 Quod,
622 1419 765 1506 quamvis
787 1418 819 1483 in
836 1441 871 1485 se
887 1428 1061 1507 spectatum
1085 1444 1147 1487 non
1164 1423 1234 1490 leve
1255 1424 1306 1500 sit,

154 1529 187 1586 et
201 1519 300 1585 solum
317 1519 358 1584 ad
375 1518 647 1585 commendandam
663 1519 842 1585 Editionem
859 1524 997 1586 nostram
1013 1520 1058 1587 sic
1076 1522 1308 1589 satisfacturum

154 1630 242 1686 erat:
268 1640 378 1706 parum
395 1627 501 1683 tamen
518 1628 575 1695 est,
593 1619 619 1683 si
636 1641 705 1685 cum
721 1617 760 1683 iis
776 1619 965 1697 conferatur,
983 1642 1054 1706 quae
1071 1621 1137 1687 sine
1154 1622 1216 1688 ullo
1231 1645 1307 1688 aux-

154 1718 216 1796 ilio,
240 1727 272 1785 et
289 1740 329 1783 ox
349 1717 477 1804 proprio
503 1727 610 1783 nostro
633 1720 748 1793 Marte,
772 1718 936 1803 exsequuti
958 1741 1073 1796 sumus,
1095 1730 1161 1785 tum
1182 1721 1215 1785 in
1237 1745 1309 1788 con·

155 1826 254 1895 textu,
274 1825 341 1883 tum
357 1817 389 1881 in
408 1816 498 1881 Notis
516 1817 664 1883 Auctoris
687 1816 885 1881 recensendis
901 1827 935 1883 et
951 1817 1171 1903 expendendis.
1222 1822 1310 1885 Prae·

155 1916 245 2003 cipue
266 1908 404 1983 breviter
428 1916 696 1981 enumerabimus:
723 1915 806 1979 undo
833 1916 946 1981 Lector
971 1938 1079 2001 aequus
1101 1927 1135 1983 et
1156 1918 1310 2007 benignus

154 2016 245 2081 facile
266 2015 407 2102 judicare
433 2016 559 2104 poterit,
587 2036 629 2080 an
651 2035 778 2103 oporam
805 2020 945 2078 nostram
971 2015 1055 2079 ultra
1081 2016 1207 2082 modum
1234 2040 1309 2084 ren·

155 2116 296 2181 ditemus.

223 2215 326 2303 Igitur
340 2238 403 2281 non
418 2237 518 2302 pauca
533 2214 602 2281 loca
616 2214 846 2281 immutavimus
864 2222 920 2282 aut
936 2215 1158 2303 supplevimus,
1182 2239 1255 2305 quoe
1276 2217 1310 2283 in

155 2313 297 2389 omnibus
311 2315 507 2381 Editiouibus
523 2314 671 2380 mendosa
687 2324 743 2381 aut
757 2336 867 2379 manca
880 2323 981 2392 orant,
1000 2324 1033 2381 et
1048 2316 1231 2384 adtendenti
1247 2340 1310 2383 non

155 2424 283 2501 possunt
305 2436 369 2479 non
391 2414 467 2479 talia
490 2413 610 2481 rideri:
635 2414 701 2479 sive
717 2435 806 2478 error
822 2422 879 2479 aut
894 2414 1033 2479 desectus
1053 2437 1074 2480 a
1093 2416 1211 2482 calamo
1228 2418 1310 2483 Auc-

156 2512 232 2580 toris
247 2512 344 2600 ipsius
362 2513 424 2580 orti
441 2512 514 2591 sint,
540 2513 605 2579 sire
624 2513 665 2579 ab
685 2513 921 2600 Exscriptorum
944 2522 1000 2579 aut
1023 2512 1310 2604 Typographorum

155 2610 284 2688 incuria,
307 2613 411 2680 oculos
429 2613 589 2688 Auctoris,
614 2613 689 2678 dum
713 2613 829 2698 raptim
846 2614 944 2680 rerba
968 2613 1149 2700 perlustrat,
1171 2617 1204 2681 in
1220 2638 1310 2704 repe-

156 2712 221 2778 titis
243 2712 337 2778 etiam
361 2712 463 2798 operis
487 2711 536 2777 sui
560 2712 799 2788 recensionibua,
828 2720 938 2799 postca
966 2713 1103 2779 fallente.
1155 2715 1311 2803 Exempla

156 2810 359 2878 indicarimus
386 2811 454 2880 Lib.
482 2811 509 2877 1.
539 2833 650 2898 capr.
680 2813 765 2897 516.
788 2833 873 2878 num.
890 2812 922 2887 7,
946 2821 1022 2877 nota
1048 2817 1089 2890 93
1127 2823 1161 2878 et
1186 2836 1254 2902 cap.
1273 2837 1308 2880 11.

158 2913 250 2998 510,
281 2933 363 2976 num.
393 2913 424 2987 4,
450 2920 525 2976 nota
552 2909 592 2979 7:
634 2933 701 2996 cap.
731 2931 777 2975 111.
802 2915 819 2995 5
847 2911 901 2975 11.
927 2930 1009 2973 num.
1034 2912 1064 2986 1,
1098 2921 1174 2976 nota
1197 2915 1238 2989 53
1278 2921 1312 2977 et

157 3018 172 3098 5
203 3012 254 3076 16.
290 3032 373 3074 num.
398 3013 430 3087 5,
456 3019 535 3075 nota
562 3012 592 3074 8.
654 3009 722 3073 Lib.
751 3008 796 3072 ΙΙ.
825 3028 892 3093 cap.
923 3029 983 3073 xu.
1008 3015 1022 3094 5
1047 3010 1101 3086 10,
1127 3018 1203 3076 nota
1228 3011 1251 3075 4
1279 3020 1312 3077 et

159 3131 228 3195 cap.
245 3129 304 3175 xx.
329 3111 413 3194 540.
431 3130 515 3175 num.
536 3112 567 3184 4,
594 3110 718 3173 notul.
775 3106 844 3173 Lib.
867 3107 928 3175 111.
959 3128 1027 3192 cap.
1054 3129 1127 3174 ιιιιι.
1155 3114 1217 3196 51,
1233 3119 1311 3176 nota

159 3209 192 3276 2.
246 3206 309 3274 Sed
337 3229 399 3272 non
425 3207 526 3274 minus
555 3207 730 3273 necessaria
759 3215 829 3271 orat
855 3206 1031 3272 emendatio
1056 3218 1112 3274 aut
1141 3209 1259 3274 additio
1279 3209 1313 3273 in

156 3305 227 3373 aliis
249 3305 343 3384 locis;
378 3307 433 3372 ubi
453 3329 516 3372 non
540 3307 722 3372 monuimus.
775 3305 827 3370 En
851 3305 920 3371 heic
939 3305 1033 3370 etiam
1050 3307 1217 3392 specimina
1237 3328 1312 3372 non-

158 3407 252 3473 nulla.
303 3406 371 3472 Lib.
388 3406 415 3473 1.
440 3428 556 3493 capu.
582 3409 642 3490 58.
669 3427 751 3470 num.
767 3406 797 3468 4.
825 3402 902 3494 περὶ
924 3404 1064 3495 χρυσίου
1086 3397 1312 3497 διαφέρεσθαι.

158 3506 210 3572 Ita
226 3505 388 3583 edidimus,
413 3514 450 3572 ut
465 3505 562 3572 habet
577 3505 847 3580 Pursosrnarus,
872 3500 960 3587 cujus
975 3503 1044 3568 haec
1063 3513 1137 3568 sunt
1152 3505 1258 3586 rerba,
1281 3513 1314 3570 et

158 3603 253 3690 ipsius
277 3604 423 3671 Auctoris
444 3604 546 3669 versio
571 3604 728 3690 postulat:
762 3611 858 3668 antea
887 3601 1053 3691 legebatur
1084 3596 1313 3694 διαλέγεσθαι,

159 3703 242 3790 quod
264 3703 410 3768 mendum
431 3704 473 3768 ab
491 3701 639 3769 Editione
660 3701 924 3768 anni1632.'nbi
946 3701 1031 3767 locus
1052 3703 1178 3770 additus
1199 3704 1312 3781 fuerat,

158 3803 200 3868 ad
219 3824 326 3867 omnes
347 3811 457 3889 postea
479 3802 640 3868 Editionea
657 3810 876 3890 propagatum.
923 3799 991 3866 Lib.
1010 3803 1054 3871 11.
1082 3824 1149 3890 cap.
1168 3823 1198 3871 r.
1226 3806 1313 3890 522,

159 3900 206 3966 bis
233 3901 466 3968 emendarimus
500 3904 633 3986 Cibyra,
663 3921 705 3966 ox
735 3901 928 3976 Sermone,
959 3900 1041 3967 unde
1070 3901 1209 3968 narratio
1239 3903 1315 3968 facti

159 4000 260 4086 petita
276 4009 333 4077 est,
354 4022 413 4087 pro
437 4001 576 4086 Libyca,
600 4000 683 4086 quod
701 4021 806 4064 omnes
830 3997 991 4064 Editiones
1005 4000 1173 4079 insederat,
1190 4003 1232 4068 ab
1247 4001 1316 4089 ipsa

159 4121 257 4184 usque
271 4099 344 4165 anni
362 4101 461 4176 1632,
482 4097 569 4185 cujus
585 4099 678 4164 etiam
696 4099 756 4163 hoc
773 4107 843 4164 erat
858 4097 1113 4165 additamentum.
1165 4102 1316 4188 Sequenti

160 4200 251 4284 523.
281 4197 383 4284 prima
409 4199 523 4275 Editio,
552 4207 586 4264 et
613 4219 718 4262 omnes
746 4196 818 4262 alite
846 4197 996 4262 hactenus
1018 4199 1213 4267 habuerant:
1239 4197 1316 4273 rode

160 4297 273 4375 νόμους
296 4293 526 4387 ἀπαγορεύειν,
550 4306 619 4373 etc,
644 4295 696 4361 ubi
717 4318 757 4361 cx
778 4296 993 4362 daurousun
1014 4299 1207 4385 reposuimus
1230 4295 1317 4387 ὠγυ-

159 4392 274 4488 ρεύειν,
300 4405 336 4462 ut
352 4419 404 4461 res
427 4397 496 4484 ipsa
514 4395 655 4482 requirit,
682 4405 715 4462 et
732 4395 883 4462 Auctoris
903 4396 1131 4483 interpretatio,
1153 4396 1230 4461 alias
1245 4419 1317 4462 con-

160 4496 291 4562 trarium
310 4518 432 4562 sensum
458 4495 524 4562 rooi
542 4496 662 4562 Graecae
679 4495 833 4560 habitura
881 4495 950 4561 Lib.
965 4497 1008 4560 ΙΙ.
1026 4517 1094 4581 cap.
1107 4515 1149 4558 ιν.
1168 4497 1217 4582 53
1235 4496 1319 4562 circa
