3234 5125
197 312 268 369 Cur.
281 308 317 381 L]
495 312 591 378 Qum
614 312 781 379 BELLUM,
805 312 902 378 Qum
925 312 1004 369 JUS.
1254 303 1297 368 21

197 472 243 539 sio
254 470 423 559 alloquitur
438 473 542 539 Moses
557 475 652 541 Deut
669 473 711 541 ir.
730 472 761 543 7.
818 477 899 556 Qooe
913 497 992 562 pene
1007 486 1077 540 tam
1092 494 1225 559 mopso,
1243 476 1299 541 eui

196 574 268 639 Dei
282 574 474 659 propinqui,
499 576 585 640 νίονι
601 576 752 641 dominius
766 576 858 641 Deus
877 586 994 651 meter,
1018 578 1066 639 od
1086 577 1198 640 omniu
1220 586 1297 641 uoto

197 694 274 758 queo
297 674 329 737 ei
343 673 521 759 sueimus?
545 696 616 759 quos
636 696 714 759 pense
734 686 802 739 tum
818 696 950 759 mappa,
977 675 1033 740 oui
1053 676 1121 741 siut
1143 676 1296 740 eonstitu-

197 773 300 838 tiones
325 779 356 837 et
372 772 458 855 juro
481 794 585 859 sequa,
618 773 728 859 qualis
753 784 799 840 est
827 775 878 839 leo
902 776 971 839 hoee
996 780 1076 850 toto,
1110 794 1211 859 quom
1240 795 1294 859 epo

196 872 292 937 hodie
309 892 419 937 eoram
438 873 527 937 vobio
539 871 715 958 propono?
759 872 1025 961 Psulmogrophus
1039 872 1164 939 Psalmo
1181 871 1293 941 cxlvii:
1307 881 1344 923 V*
1354 882 1421 932 Μ

197 972 334 1037 Iudicat
344 973 437 1037 Deus
452 973 550 1037 verbo
566 994 628 1037 suo
648 972 781 1050 Jaoobo,
812 975 1053 1039 constitutiones
1074 995 1117 1039 ae
1129 973 1216 1057 juro
1230 996 1295 1039 ονο

196 1070 328 1148 Israeli,
352 1092 416 1137 νον
431 1072 484 1136 ita
497 1072 585 1159 feeit
605 1071 695 1159 peisti
710 1072 795 1141 olli.-
821 1073 895 1138 ideo
912 1072 998 1156 jora
1022 1072 1090 1139 ieta
1114 1093 1180 1138 non
1203 1095 1295 1140 noee-

196 1181 283 1240 runt.

271 1270 293 1334 2
325 1270 393 1337 Nee
419 1269 634 1348 dubitandum,
661 1269 736 1357 quin
753 1270 903 1338 fallentur
918 1271 1107 1338 Judaeorum
1133 1270 1179 1337 illi
1201 1271 1293 1358 (quos

196 1366 279 1435 inter
300 1370 454 1458 Tryphon
477 1370 511 1435 in
534 1370 743 1457 disputatione
771 1392 842 1437 eum
867 1372 892 1436 J
895 1371 1009 1457 ustino)
1035 1369 1089 1459 qui
1114 1370 1294 1437 existiment

196 1466 289 1533 etium
306 1468 496 1559 alienigenis,
522 1468 644 1535 usolvi
659 1491 727 1537 esse
741 1470 867 1548 vellent,
893 1470 1086 1538 subeundum
1103 1470 1198 1537 fuisse
1213 1469 1293 1559 legis

197 1566 366 1634 Hebruieae
384 1568 504 1657 jugum.
550 1570 678 1655 ⁶Neque
693 1569 774 1635 enim
791 1590 846 1636 eos
866 1570 986 1658 obligat
1002 1570 1063 1648 lex,
1089 1569 1201 1656 quibus
1216 1570 1294 1635 dots

194 1686 259 1732 non
276 1674 333 1733 ost.
382 1667 635 1754 Atquibusdutu
651 1667 771 1745 sitien,
797 1667 867 1755 ipse
882 1668 1038 1755 loquitur:
1066 1670 1159 1735 Aodi
1174 1670 1291 1735 Israel

195 1766 241 1831 Et
266 1763 382 1850 possim
405 1764 508 1831 soedus
527 1787 597 1832 uum
623 1765 698 1853 ipsis
723 1765 831 1843 ictum,
864 1766 925 1854 ipsi
955 1767 989 1831 in
1013 1767 1202 1854 peculiarem
1230 1765 1293 1832 Dei

195 1862 347 1949 populum
367 1862 476 1929 adsciti
499 1862 663 1931 dicuntur:
688 1865 773 1951 quod
798 1886 908 1931 verum
931 1886 1000 1930 esse
1024 1862 1167 1953 agnoseit
1190 1871 1224 1929 et
1252 1884 1294 1931 ex

194 1961 264 2029 loeo
281 1962 453 2028 Deuteron
469 1960 576 2027 xxxiii.
592 1963 623 2029 4.
641 1963 754 2051 probet
770 1961 986 2029 Meimonides.

270 2063 292 2127 3
346 2059 430 2141 Quin
457 2061 541 2127 inter
570 2060 654 2148 ipsos
684 2062 841 2129 Hebraeos
869 2060 1015 2129 vixerunt
1043 2081 1166 2149 semper
1198 2057 1293 2146 aliqui

194 2159 296 2226 exteri
308 2159 448 2229 homines
464 2156 614 2248 εὐσεβεῖς
630 2160 684 2231 καὶ
698 2160 877 2248 σεβόμενοι
893 2158 954 2230 τᾶν
972 2157 1066 2241 Osis,
1084 2160 1184 2247 qualis
1195 2159 1293 2247 Syro·

193 2260 349 2348 phoenissa
376 2260 491 2328 Metth.
513 2283 563 2327 xv.
587 2262 650 2339 223
685 2261 785 2348 qualis
812 2261 865 2328 ille
888 2260 1050 2328 Cornelius
1075 2262 1181 2327 Actor.
1202 2280 1233 2323 x.
1258 2260 1289 2339 2,

193 2362 260 2429 τῶν
279 2355 468 2448 σεβομένων
483 2355 659 2443 Ἑλλήνων.
710 2361 822 2428 Actor.
844 2359 918 2429 xvii.
944 2362 979 2440 4,
1005 2360 1166 2428 Hebmloe
1198 2370 1292 2433 ’ἹὍΠ

192 2552 279 2600 noshh
290 2552 389 2600 Gelliuls
398 2553 429 2600 ed
439 2552 502 2600 huno
511 2553 598 2600 loenm.
626 2551 654 2601 J.
663 2552 696 2600 Β.
766 2567 815 2612 eus,
825 2552 867 2615 qni
877 2551 1091 2610 ilinexelndentnr,
1101 2565 1151 2600 non
1160 2553 1215 2600 ideo
1225 2553 1294 2600 dnm-

235 2627 246 2656 ’
261 2627 369 2683 Qmstio
379 2629 491 2676 deeulnte
499 2627 716 2675 Etlnieormheio
765 2628 963 2689 netumlrhquosl
969 2628 1060 2687 Legem
1066 2629 1295 2688 umignorsrerint,

189 2703 287 2750 omnino
297 2704 440 2764 seponenda,
456 2707 542 2764 utpote
554 2702 585 2748 ud
595 2715 645 2749 rsrn
656 2701 717 2748 nihil
764 2704 873 2764 adeoquo
890 2716 939 2749 non
958 2703 1141 2760 observaverint,
1154 2703 1223 2763 eane
1237 2704 1294 2749 nnl-

189 2777 287 2824 ieeieue.
328 2778 382 2826 Sive
409 2779 472 2826 enim
495 2777 600 2833 Ethniei,
625 2778 716 2836 ebsqne
764 2778 814 2824 lem
824 2777 934 2824 notitiem
947 2776 1076 2833 hshehum,
1086 2790 1131 2823 nse
1143 2777 1233 2824 hebere
1248 2790 1293 2836 po·

190 2852 327 2912 eognitione
346 2858 372 2900 et
389 2853 553 2899 observatione
572 2850 646 2912 Legis
666 2849 716 2895 lle·
765 2855 862 2907 tersut3
875 2849 917 2895 sed
929 2850 995 2908 qnod
1010 2850 1124 2896 odoenus
1140 2850 1231 2909 Legem
1240 2851 1293 2897 Ne-

190 2925 276 2974 bule!
291 2928 365 2974 vium
382 2931 496 2975 „teman
514 2925 628 2984 comqui
643 2927 716 2984 potu.
765 2920 877 2977 timim,
886 2931 959 2977 qm
968 2932 999 2965 ΘΧ
1008 2917 1098 2965 lumine
1111 2919 1223 2965 Bistonii
1232 2920 1294 2966 htu-

191 3001 261 3059 erius,
276 3003 324 3050 eivs
338 3015 387 3048 non
405 3001 541 3062 potnerlnts
558 2999 604 3044 hoo
617 3001 718 3053 eertum,
766 2995 815 3040 rire
827 2993 861 3040 eie
870 2993 966 3049 lluebtt,
976 2992 1135 3052 pemverlnt.
1165 2992 1232 3041 M.

190 3280 291 3338 Christ
337 3280 429 3336 These
452 3279 533 3335 three
556 3284 613 3335 sets
636 3278 670 3334 oi
684 3279 764 3332 Laws
783 3275 877 3346 obligo
898 3275 938 3330 ell
955 3290 1031 3338 men,
1050 3289 1082 3329 ue
1095 3287 1165 3328 soon
1179 3289 1211 3329 ue
1222 3271 1292 3346 thoy

189 3369 302 3440 nequire
313 3383 332 3422 s
344 3367 482 3423 sufficient
493 3365 657 3436 knowledge
668 3364 702 3418 of
712 3362 799 3418 them.

246 3453 327 3508 xv1.
374 3457 388 3506 1
412 3452 505 3508 There
519 3453 543 3506 is
557 3467 612 3506 one
629 3450 727 3504 netion
741 3448 771 3502 in
785 3443 940 3518 particular
952 3448 984 3499 to
998 3441 1090 3498 vhieh
1105 3440 1169 3496 God
1180 3440 1232 3497 hus
1246 3459 1289 3499 es-

188 3539 308 3612 peeislly
318 3539 401 3610 giren
411 3537 456 3594 his
467 3539 557 3603 Leve,
567 3536 689 3608 nnmely,
702 3534 752 3590 the
764 3533 886 3588 Hehrev
899 3529 1010 3604 people.
1040 3529 1095 3584 See
1106 3527 1192 3583 Dent.
1205 3528 1243 3583 ir.
1257 3531 1274 3586 ⁷
1280 3549 1290 3596 ς

188 3625 284 3681 Psulm
295 3625 386 3680 uxlvii.

245 3717 263 3765 2
292 3711 321 3765 It
333 3711 357 3765 is
369 3723 521 3764 erroneons
535 3713 566 3762 to
577 3723 698 3780 suppose
710 3703 754 3774 (ns
768 3720 847 3761 some
857 3701 932 3759 Jews
945 3700 1018 3757 here
1029 3692 1117 3763 done)
1131 3696 1194 3755 thot
1207 3697 1289 3758 those

188 3793 222 3853 oi
233 3796 315 3852 other
325 3796 448 3861 notione,
460 3795 491 3849 in
505 3793 589 3849 order
603 3801 633 3849 to
643 3793 680 3848 bo
694 3792 787 3856 sured,
800 3796 877 3846 must
886 3788 992 3846 submit
1002 3793 1033 3842 to
1044 3786 1094 3841 the
1105 3785 1209 3841 Jewish
1223 3788 1285 3844 low.

187 3881 244 3937 For
256 3881 306 3938 the
316 3883 369 3938 lev
384 3880 452 3936 does
463 3885 515 3936 not
528 3879 621 3950 obligo
631 3878 712 3934 those
723 3884 754 3932 to
765 3877 858 3931 whom
871 3877 895 3930 it
905 3875 930 3929 is
939 3880 992 3929 net
1005 3873 1104 3944 given3
1120 3873 1178 3926 und
1189 3873 1213 3927 it
1223 3873 1288 3928 tells

188 3983 221 4023 ns
238 3967 318 4024 itsslf
328 3974 358 4023 to
373 3965 465 4021 whom
482 3965 506 4020 it
523 3966 547 4020 is
564 3965 655 4036 giren,
665 3963 705 4036 by
718 3963 825 4034 ming.
838 3961 950 4026 “Hem
965 3961 991 4015 0
1005 3957 1121 4014 Israel!
1155 3956 1221 4013 And
1237 3958 1288 4014 tho

187 4051 262 4108 Jews
284 4069 333 4109 ure
353 4050 530 4124 perpetuully
551 4049 658 4122 spoken
679 4047 712 4103 of
731 4065 762 4103 ss
787 4047 880 4102 under
898 4062 917 4101 s
938 4044 1043 4117 speeiul
1064 4048 1210 4109 eoreuunt,
1230 4045 1288 4098 und

189 4138 292 4194 ehosen
306 4145 337 4194 to
354 4139 391 4194 be
408 4155 427 4194 e
440 4137 566 4210 peeurhur
582 4135 684 4208 people
704 4133 738 4189 of
754 4133 833 4200 God;
850 4149 881 4188 es
895 4129 1081 4188 Mnimonides
1094 4143 1195 4202 proves
1212 4129 1288 4185 from

187 4221 272 4280 Dent·
285 4224 375 4280 miii.
388 4230 414 4278 4.

238 4315 256 4365 3
285 4309 377 4365 'l'here
387 4327 460 4366 were
470 4307 601 4366 however
617 4305 719 4379 ulweys
730 4305 818 4378 living
835 4319 938 4376 among
948 4301 998 4359 the
1008 4301 1083 4359 Jews
1095 4300 1203 4358 eertein
1215 4295 1287 4354 “de

186 4400 255 4452 vout
268 4395 408 4468 persone,”
425 4413 456 4451 ss
470 4396 519 4452 the
538 4393 768 4466 Syrophoenieiun
782 4408 900 4457 women,
918 4388 1073 4451 cornelius,
1090 4384 1140 4439 the
1157 4383 1288 4440 “derunt

187 4481 312 4540 Greek?
326 4479 407 4550 (huis
421 4482 484 4538 xvii.
495 4480 536 4550 4),
546 4481 610 4536 who
624 4497 673 4536 ure
687 4479 747 4537 else
762 4479 871 4552 spoken
889 4475 923 4532 of
937 4476 969 4530 in
981 4473 1095 4529 untione
1109 4483 1239 4541 passages
1256 4470 1290 4525 of
