3234 5125
464 376 653 435 EPISTOLA
673 378 726 434 AD
748 378 968 436 LEOTOREM.
1218 396 1299 441 xxxv

143 539 212 607 libi
237 538 354 628 liquido
382 540 539 621 emerere,
568 542 684 609 nullam
716 543 894 612 Editionem
927 543 1070 613 Grotiani
1104 544 1218 634 Operis
1248 545 1295 614 ita

140 640 336 707 emendatam
347 648 379 707 et
391 641 545 708 utentium
558 643 689 710 utilitati
701 644 968 713 adcommodatam
981 646 1132 711 hactenus
1141 646 1294 734 prodiisse

139 739 226 805 Vale.
278 740 458 808 Scribebam
487 744 674 829 Groniapoe,
706 743 781 831 ipsis
808 745 960 813 Kalendis
988 746 1159 814 Novembr.
1204 746 1294 813 Anni

138 838 229 905 AErae
247 839 435 908 Christianae
452 840 589 933 vulgaris
605 844 651 910 M.
661 843 759 911 DCC.
771 844 863 912 XIX.

216 1164 279 1228 Ira
311 1160 469 1249 prael‘abar
501 1168 575 1228 anto
607 1183 705 1229 annos
739 1162 925 1250 quindecim,
959 1171 993 1231 et
1025 1166 1109 1253 quod
1142 1165 1289 1232 excurrit.
1313 1110 1376 1211 ‘sa

138 1264 243 1342 Quum
260 1270 363 1328 autem
378 1262 418 1327 de
436 1262 541 1349 Opere
559 1261 734 1329 recudendo
749 1264 889 1353 cogitare
902 1285 1060 1330 necessum
1077 1274 1169 1344 esset,
1187 1265 1291 1331 omnia

135 1362 250 1429 iterum
277 1360 427 1439 recensui,
457 1368 489 1428 et
517 1383 580 1428 non
608 1384 708 1449 pauca
736 1362 805 1429 heic
833 1363 896 1429 illic
920 1364 1044 1431 Notulis
1067 1365 1145 1430 meis
1168 1373 1205 1432 ut
1226 1365 1290 1430 fert

135 1484 244 1529 carum
260 1460 378 1540 modus,
395 1457 511 1527 addidi.
549 1460 687 1527 Plurima
702 1462 770 1528 loca
786 1464 956 1530 Auctorum
972 1463 1179 1544 laudatorum,
1197 1486 1238 1531 ex
1251 1464 1289 1530 iis

136 1581 208 1648 qum
230 1560 366 1627 nondum
382 1581 571 1646 repereram,
596 1568 660 1639 aut,
678 1562 891 1629 deficientibus
907 1571 981 1630 tunc
1003 1564 1106 1631 Libris
1128 1565 1212 1631 undo
1234 1586 1289 1652 pe-

135 1661 196 1727 tite
211 1668 311 1739 erant,
335 1681 478 1746 quaerere
494 1682 557 1726 non
581 1660 721 1739 licuerat,
744 1662 873 1729 inventa
888 1672 997 1751 postea
1013 1664 1144 1754 signavi,
1167 1672 1204 1731 nt
1219 1662 1287 1750 jam

135 1760 169 1826 in
193 1760 268 1848 ipsis
292 1759 428 1825 fontibus
453 1782 491 1826 ca
513 1781 636 1847 qnoque
661 1760 842 1850 inspiciendi
865 1763 962 1829 cuivis
987 1763 1028 1830 sit
1043 1764 1175 1831 facultas
1192 1764 1284 1830 dcta:

135 1859 300 1947 aliquando
316 1858 410 1926 etiam
424 1859 566 1938 indicavi,
584 1860 667 1926 unde
683 1861 815 1927 haberet
830 1863 956 1938 Noster,
972 1884 1042 1948 qnae
1056 1885 1119 1928 non
1135 1863 1199 1928 suis
1214 1884 1287 1927 anc-

135 1960 255 2026 toribus
280 1958 488 2047 adscripscrat
514 1967 547 2025 ot
575 1981 719 2046 qnaenam
749 1981 843 2025 causa
875 1960 991 2026 erroris
1018 1959 1048 2025 ei
1077 1960 1182 2031 fucrit.
1233 1959 1287 2027 nd

135 2080 296 2137 summam,
322 2058 355 2124 in
384 2058 525 2125 omnibus
554 2059 694 2125 eamdem
727 2058 890 2141 rationem,
917 2082 955 2125 ac
983 2068 1087 2138 antea,
1117 2059 1220 2137 tenui,
1237 2069 1285 2143 ut,

135 2167 285 2246 qnantum
301 2158 369 2225 ficri
383 2168 499 2245 posset,
516 2158 654 2225 ornatior
669 2159 771 2225 adhuc
787 2181 870 2225 nova
885 2158 1027 2247 prodiret
1041 2159 1156 2227 Editio.
1208 2159 1285 2227 Vel·

134 2260 195 2325 lem
211 2268 249 2325 nt
265 2258 404 2325 omnibus
420 2256 540 2324 mendis
554 2258 789 2348 typographicis
803 2282 902 2326 vacua
915 2261 984 2325 haec
1000 2268 1101 2327 esset:
1118 2261 1174 2326 scd
1188 2282 1284 2347 quum

134 2358 166 2425 id
183 2358 239 2426 vix
257 2357 377 2446 sperari
400 2358 543 2444 quentin
559 2358 621 2425 ullo
639 2359 735 2425 Libro
756 2359 843 2448 typis
857 2360 1069 2437 describendo,
1086 2360 1201 2427 nedum
1216 2360 1283 2439 tali,

136 2457 227 2544 qnnle
241 2467 290 2524 est
307 2460 394 2545 Opus
416 2456 499 2524 istud
516 2456 720 2525 Grotianum:
743 2479 945 2546 quaecumque
961 2467 1076 2538 errata,
1097 2468 1153 2526 ant
1172 2460 1284 2525 omissa

135 2557 350 2639 animadverti,
377 2579 448 2645 quse
463 2555 577 2624 tantilli
598 2556 746 2626 momenti
763 2566 875 2636 essent,
898 2558 1023 2637 notari3
1049 2568 1095 2638 ut,
1119 2568 1283 2649 postquam

135 2681 176 2724 ex
193 2658 294 2725 indice
309 2657 378 2745 quis
394 2679 434 2723 ea
449 2656 629 2736 correxerit,
651 2656 738 2736 nihil,
761 2667 848 2746 puto,
869 2659 1102 2746 superfuturum
1124 2659 1175 2738 sit,
1200 2659 1285 2748 qnod

135 2780 207 2824 eum
222 2766 370 2824 moretm.
410 2756 557 2823 Ceterum
572 2779 591 2822 e
607 2757 760 2824 Versione
775 2780 847 2825 mes
863 2764 896 2824 et
911 2758 1004 2825 Notis
1016 2759 1135 2824 Gallice
1150 2757 1282 2847 scriptis,

134 2858 175 2924 ad
198 2878 285 2944 quas,
306 2858 442 2924 nondum
459 2856 568 2934 editas,
594 2855 627 2922 in
653 2857 751 2944 priori
770 2856 958 2933 recensione,
985 2857 1192 2932 remittebam,
1217 2857 1283 2944 ple·

133 2955 205 3022 nior
220 2979 327 3023 eorum
344 2955 519 3044 explicatio,
539 2978 611 3041 quae
632 2955 667 3020 in
682 2955 806 3021 Notulis
831 2955 908 3020 meis
932 2954 1007 3031 diri,
1032 2963 1066 3020 et
1088 2954 1187 3020 multa
1210 2954 1282 3031 elia,

134 3077 206 3142 quae
223 3054 291 3122 heic
306 3055 365 3121 dici
381 3077 444 3122 non
461 3062 531 3122 crat
547 3054 608 3120 mci
625 3053 750 3132 consilii,
768 3054 832 3140 peti
842 3052 910 3140 jem
924 3062 1062 3140 possunt.
1103 3052 1284 3121 Scribebam

139 3157 326 3242 Groainpoe,
342 3155 440 3222 Nonis
455 3157 643 3234 Fcbmcarii,
660 3153 742 3220 Ann.
760 3154 806 3224 M.
818 3152 915 3222 DCC.
925 3153 1063 3222 XXXV.
