3234 5125
156 381 226 436 Car.
239 379 319 449 vll]
443 381 535 446 QUAE
557 381 621 437 Flu
640 382 718 437 PER
739 381 882 447 LEGEM,
903 380 985 436 ETO.
1193 364 1257 432 363

158 547 221 628 Qui
238 555 271 615 et
287 547 361 616 alibi
388 545 502 640 [Apud
519 547 605 614 Stob.
623 549 778 635 Florilep.
794 547 843 616 tit
863 546 943 635 76]:

363 681 459 740 Ἐστιν
473 683 502 739 δὲ
515 681 599 755 μήτηρ
613 685 767 756 φιλότεκνος
779 686 881 754 μᾶλλον
894 685 999 756 πατρὸς,

372 771 404 826 Ἦ
420 771 467 841 μὲν
478 771 528 844 γὰρ
543 771 620 839 αὐτῆς
632 765 702 825 οἶδεν
714 771 778 834 vida,
793 773 808 824 d
823 769 846 824 δ’
861 767 949 824 οἴσω.

318 879 321 884 “
371 875 465 930 Matar
479 875 608 934 tenerius¹
616 873 720 930 liberos
734 873 848 929 adamat
861 879 956 946 patre:

373 961 447 1025 Quia
461 967 553 1016 mater
566 977 627 1016 esse
642 961 694 1016 scit
708 977 781 1025 suos,
796 966 880 1033 pater
892 965 1029 1016 autumat

155 1061 231 1126 Ideo
255 1059 337 1125 ratio
362 1058 466 1145 aliqua
485 1057 672 1145 reperienda
693 1057 762 1136 fuit,
788 1080 851 1146 qna
871 1058 1074 1146 probabiliter
1098 1065 1256 1126 constaret

155 1159 223 1246 quis
250 1166 332 1226 esset
357 1167 467 1246 partus
491 1159 637 1246 cujusque
663 1166 762 1246 pater.
810 1160 861 1224 Ea
886 1157 968 1224 ratio
995 1167 1053 1236 est,
1079 1159 1256 1248 conjugium

154 1267 289 1325 sumtum
305 1258 339 1325 in
355 1256 496 1324 terminis
511 1257 714 1334 naturalibus,
727 1257 760 1324 id
777 1266 834 1335 est,
850 1257 1043 1336 consociatio,
1061 1279 1124 1345 qna
1139 1257 1256 1326 semina

153 1359 212 1425 sub
235 1358 330 1426 maris
354 1356 493 1424 custodia
517 1357 722 1425 constituitur.
776 1358 841 1424 Sed
853 1358 921 1426 ‚etsi
944 1357 1005 1423 alio
1030 1357 1139 1446 quovis
1163 1357 1255 1422 modo

155 1465 276 1524 constet
292 1458 361 1544 quis
376 1456 472 1523 fuerit
485 1465 587 1544 puter,
604 1467 661 1524 aut
682 1465 774 1544 patar
795 1457 830 1523 id
846 1478 904 1544 pro
920 1458 1083 1545 explorato
1099 1455 1255 1534 habuerit,

154 1555 340 1623 naturaliter
362 1555 389 1622 is
410 1564 520 1644 partus
544 1577 606 1621 non
631 1555 732 1622 minus
756 1577 850 1643 quam
874 1555 953 1621 alins
977 1555 1080 1642 quivis
1102 1556 1254 1622 succedet.

157 1655 302 1734 Quidni?
337 1676 408 1721 cum
438 1653 533 1721 etiam
560 1657 764 1748 'mextraneus
797 1655 901 1742 palam
934 1675 992 1741 pro
1024 1654 1088 1720 lilio
1119 1655 1255 1732 habitus,

155 1775 248 1841 quern
264 1753 446 1842 adoptatum
462 1761 583 1832 vocant,
601 1753 746 1821 succedat
762 1775 802 1819 ex
819 1753 997 1840 conjectura
1012 1752 1210 1820 voluntatis?

231 1855 252 1918 2
286 1854 455 1921 Naturales
483 1876 568 1932 vero,
595 1854 689 1920 stiam
718 1862 789 1942 post
815 1853 886 1943 lege
914 1852 1125 1920 introductum
1147 1875 1256 1920 corum

155 1952 319 2021 discrimen
335 1976 356 2020 a
370 1953 525 2043 legitimis,

371 2087 440 2157 (Τῶν
452 2089 567 2161 γνησίων
579 2087 630 2160 γᾶρ
645 2088 720 2143 aiddu
733 2085 804 2144 ὄντες
819 2087 912 2146 ἐνδεεῖς
1267 2088 1422 2172 ssffm

370 2177 450 2248 Νόμῳ
465 2177 597 2229 νοσοῦσιν.
1267 2147 1396 2275 {mli-“fi-

370 2278 909 2352 Nomaparuenullasobotelcgiuma
922 2279 1023 2346 aanor,
1359 2253 1365 2264 '

371 2365 430 2421 Sed
443 2365 506 2438 lega
521 2366 667 2438 promitur.

155 2465 203 2531 Ut
219 2461 298 2529 dixit
321 2462 500 2550 Euripides)
522 2471 652 2551 pomunt
676 2470 781 2529 tamen
802 2461 958 2549 adoptari,
981 2460 1040 2528 nisi
1062 2461 1114 2528 lex
1140 2461 1254 2528 obstat.

155 2566 260 2650 Atque
275 2562 309 2629 id
328 2562 400 2628 olim
421 2563 623 2650 permittebat
645 2563 696 2629 lex
718 2564 862 2629 Romana
885 2560 1051 2641 Anastaaii,
1067 2560 1123 2629 sod
1147 2572 1256 2650 postea
1267 2575 1419 2663 mitae

155 2662 188 2728 in
200 2662 278 2751 justi
294 2662 480 2728 matrimonii
503 2663 642 2730 favorem
667 2662 819 2728 difficilior
841 2662 984 2749 quaedam
1006 2662 1088 2728 ratio
1111 2684 1164 2728 eoa
1179 2661 1256 2753 legi-

200 2854 307 2903 'Habet
320 2856 352 2901 ab
367 2855 524 2913 Eumrrrro,
538 2855 563 2901 in
582 2854 682 2902 Homer.
731 2854 840 2903 σῐδστοῦ
850 2854 911 2901 ποτ’
921 2854 1080 2915 &bruodra
1110 2855 1137 2903 J.
1147 2854 1181 2903 Β.

156 2944 213 2991 pag.
233 2932 300 2977 1412.
320 2930 372 2977 Ed.
388 2932 458 2977 Rara.
476 2930 518 2976 nbi
536 2936 617 2977 tamen
635 2930 682 2976 alio
774 2938 793 2963 Ν
808 2930 947 2976 Extraaeua
957 2931 1043 2991 palam
1059 2944 1106 2990 pro
1115 2931 1174 2990 filio
1186 2930 1256 2979 tata

156 3006 228 3051 modo
238 3008 264 3051 ot
273 3018 429 3065 aenm‚quam
438 3006 532 3053 Auctor
540 3006 592 3065 lpas
602 3006 682 3065 sequi·
730 3002 780 3065 hu]
797 3004 851 3053 Ant
864 3019 938 3065 nepos
950 3006 976 3050 in
991 3003 1067 3050 lilium
1080 3005 1217 3065 adoptatas,
1228 3012 1257 3053 nt

156 3084 198 3127 tur
211 3080 237 3126 ln
253 3080 360 3127 verriana
375 3094 431 3127 aua:
448 3080 530 3127 Αὐτὸν
545 3080 596 3141 γάρ
606 3080 684 3129 oldaia
729 3081 848 3130 alaucho
857 3085 958 3143 nepotas
967 3080 1081 3141 Ephraim
1092 3081 1255 3131 ethlanaaasa

157 3330 292 3387 theman.
329 3330 387 3385 But
401 3329 458 3405 ifjt
469 3327 505 3385 be
520 3329 622 3384 known
636 3329 666 3383 iu
681 3344 737 3401 any
751 3328 835 3384 other
851 3345 912 3400 way
925 3329 988 3385 who
1002 3330 1026 3384 is
1040 3328 1090 3385 tho
1104 3330 1207 3394 father,
1223 3348 1256 3387 or

156 3418 206 3473 tha
219 3416 313 3471 father
329 3415 401 3470 have
421 3414 595 3470 ascertainod
614 3415 664 3471 tho
684 3415 751 3477 fact
773 3414 844 3469 auch
858 3416 999 3487 offapring,
1020 3432 1051 3471 aa
1068 3416 1133 3470 wall
1153 3433 1184 3472 aa
1200 3435 1257 3491 any

156 3504 247 3567 other,
265 3502 333 3559 does
351 3502 390 3573 by
408 3501 530 3555 Natural
550 3501 616 3555 Lau
635 3502 762 3558 succeed.
794 3501 869 3573 Why
885 3501 955 3556 not?
982 3501 1066 3557 Since
1084 3519 1103 3557 a
1120 3508 1257 3576 stranger,

156 3588 352 3663 adoptedaaa
366 3604 425 3651 son,
439 3588 498 3642 also
509 3588 640 3642 succeeds
654 3587 728 3642 from
742 3587 791 3642 the
804 3586 984 3659 conjectured
995 3587 1062 3641 will.
1336 3598 1347 3605 ·

214 3682 232 3731 2
258 3675 380 3730 Natural
392 3673 527 3738 children,
544 3690 615 3729 cren
629 3674 704 3729 after
721 3674 769 3729 the
780 3674 834 3728 law
847 3673 898 3729 has
913 3672 995 3728 made
1009 3690 1028 3727 a
1041 3674 1193 3730 differente
1205 3675 1257 3732 bo·

155 3768 246 3819 twaen
261 3760 339 3818 them
353 3760 410 3816 aud
420 3760 576 3831 legitimate
590 3759 725 3823 children,
747 3756 805 3830 [sce
822 3754 992 3832 Euripidae]
1008 3776 1074 3832 may
1085 3761 1122 3815 be
1133 3761 1257 3833 adopted

159 3846 208 3921 [oy
219 3848 269 3903 the
280 3842 395 3917 father],
408 3852 507 3918 except
521 3845 571 3901 the
581 3846 635 3901 law
646 3847 796 3917 interpone.
820 3846 888 3901 Thia
895 3862 950 3902 was
958 3845 1094 3919 formerly
1103 3848 1256 3917 permitted

155 3934 194 4005 hy
207 3933 257 3988 the
271 3935 382 3989 Roman
396 3934 464 3988 hav
478 3932 512 3988 of
523 3932 701 3989 Anastasius:
717 3932 769 3989 but
788 3932 960 3997 aiterwarda
970 3933 1000 3986 in
1012 3932 1096 3987 order
1109 3939 1141 3987 to
1155 3933 1257 3990 favour

157 4020 311 4090 legitimate
322 4020 468 4090 man-lage,
482 4036 500 4073 a
511 4035 590 4074 more
601 4019 718 4075 diffloult
732 4035 792 4091 way
805 4018 839 4074 ot
849 4020 963 4091 putting
974 4017 1052 4074 them
1067 4035 1105 4074 on
1115 4036 1134 4074 a
1147 4019 1257 4093 footing

157 4104 191 4159 oi
202 4104 325 4175 equality
339 4103 407 4158 with
421 4105 575 4175 legitimate
589 4104 717 4162 children
732 4122 787 4161 was
798 4106 974 4170 introduced,
986 4122 1038 4176 per
1047 4106 1132 4159 σννίω
1146 4108 1256 4161 abbatio-

157 4208 226 4254 σενι,
247 4189 286 4261 by
300 4190 418 4261 offering
435 4188 514 4244 tham
531 4196 561 4245 to
575 4190 612 4245 be
627 4191 749 4246 Coriolos
772 4188 801 4262 [a
821 4191 1023 4247 burtheusome
1037 4186 1205 4260 condition],
1223 4207 1256 4245 or

157 4276 196 4348 by
218 4275 388 4345 subsequent
404 4276 542 4345 marriage
561 4274 607 4343 [ol
626 4276 676 4333 tha
696 4274 832 4349 parents}
870 4278 916 4331 An
934 4275 1062 4348 example
1085 4276 1119 4330 of
1134 4274 1185 4330 the
1208 4276 1257 4331 old

157 4362 292 4434 adoption
301 4360 334 4416 ol
343 4359 454 4415 natural
465 4358 590 4417 children
600 4379 641 4418 aa
649 4362 720 4419 hare
732 4364 762 4418 in
773 4362 824 4418 tho
835 4380 900 4419 sons
911 4361 945 4417 oi
951 4361 1051 4425 Jacob,
1062 4360 1125 4414 who
1133 4376 1207 4415 wara
1217 4361 1256 4434 by

157 4448 232 4505 their
244 4447 339 4502 father
350 4446 433 4501 made
444 4446 527 4517 equal
537 4454 568 4503 to
583 4447 631 4505 thc
642 4466 707 4507 ecus
721 4449 756 4505 ol
764 4449 824 4506 irae
835 4464 951 4513 women,
963 4446 1020 4502 and
1032 4446 1162 4502 received
1173 4448 1257 4521 equal

156 4541 235 4610 parts
248 4536 279 4591 in
289 4534 339 4591 the
352 4532 533 4591 inheritance.
