3234 5125
283 298 378 362 xxxiv
700 305 728 360 J.
752 302 1014 359 BARBEYRAOH

288 470 434 561 subjectis
449 474 483 538 J.
500 472 541 537 B.
593 470 654 539 Vel
672 468 833 537 Grotianis
848 477 904 537 ant
921 467 1128 537 Gronorianis
1148 468 1385 556 permiscentur,
1407 481 1442 541 et

289 583 362 642 tunc
378 571 561 660 plerumque
578 570 638 636 illis
652 570 867 657 subjiciuntur,
891 570 1012 636 duobus
1027 569 1115 635 uncis
1130 570 1240 636 sormae
1261 572 1441 657 posterioris

286 673 422 749 inclusae,
440 679 473 738 et
487 670 618 737 nominis
635 671 733 737 nostri
749 669 857 757 primis
870 670 984 736 litteris
999 668 1033 735 in
1049 669 1110 735 fine
1123 668 1256 737 additis:
1273 671 1440 757 aliquando

286 780 391 839 autem
410 770 465 838 ubi
485 770 630 837 nimirum
654 790 705 836 res
727 770 858 848 ferebat,
881 778 914 836 et
936 769 997 834 ille
1018 769 1208 835 brevissimas
1233 778 1333 849 erant,
1356 770 1442 837 intra

284 872 385 959 ipsam
409 871 526 937 Notum
549 869 695 937 Auctoris
716 878 773 937 aut
798 868 998 957 Interpretis,
1029 869 1139 935 eodem
1167 869 1310 956 adposito
1338 871 1439 959 signo,

286 970 493 1048 collocantur;
511 969 570 1036 nisi
584 969 668 1056 quod
680 967 748 1035 heic
760 969 845 1035 haud
860 991 933 1034 raro
947 989 1057 1034 nomen
1070 977 1211 1035 nostrum
1222 991 1287 1034 non
1297 964 1440 1056 adparet,

289 1070 355 1137 sive
372 1070 455 1158 quod
472 1090 523 1135 res
540 1070 621 1136 tanti
642 1090 706 1135 non
726 1076 805 1146 erat,
829 1090 885 1135 seu
906 1067 990 1155 quod
1015 1067 1159 1134 omissum
1181 1067 1278 1136 luerit
1297 1090 1317 1134 a
1333 1070 1442 1158 Typo-

290 1170 429 1260 graphis,
443 1169 497 1257 qui
514 1170 608 1235 etism
624 1190 729 1247 uncos,
746 1167 797 1235 rel
813 1167 1008 1244 alterutrum,
1030 1166 1103 1233 alibi
1117 1189 1349 1255 nonnumquam
1366 1166 1441 1235 omi-

288 1278 407 1347 serunt,
425 1268 478 1335 ubi
495 1277 599 1335 tamen
615 1268 709 1334 facile·
719 1269 778 1334 hoc
794 1290 815 1333 a
831 1268 962 1334 Lectore
977 1266 1093 1353 poterit
1107 1265 1324 1335 animedverti.

365 1370 425 1435 Est
440 1378 474 1435 et
488 1368 582 1447 aliud,
606 1390 668 1455 quo
688 1368 768 1434 hanc
784 1373 924 1433 nostram
945 1366 1123 1432 Editionem
1144 1388 1267 1444 ornare,
1291 1376 1324 1433 et
1345 1368 1442 1436 facili-

289 1490 376 1537 orem
401 1490 438 1535 ac
462 1468 617 1535 utiliorem
639 1468 773 1535 reddere
797 1465 960 1532 lectionem
985 1466 1107 1554 Operis,
1133 1474 1170 1532 ut
1194 1487 1308 1555 magns
1333 1489 1441 1535 rerum

290 1568 444 1636 varietate
466 1577 499 1635 et
524 1568 612 1656 eopia
636 1566 754 1643 referti,
780 1565 826 1632 ita
850 1565 934 1653 stylo
956 1565 1135 1631 brevissimo
1150 1566 1323 1654 conscripti,
1344 1569 1444 1655 pluri-

290 1690 375 1735 mum
393 1666 567 1744 voluissem,
589 1666 699 1733 lubens
720 1665 814 1732 etism
837 1666 920 1732 huno
942 1665 974 1729 in
996 1687 1044 1731 me
1062 1665 1201 1733 laborem
1222 1674 1442 1753 suscepturus:

289 1776 327 1834 ut
352 1766 467 1833 scilicet
491 1786 645 1843 numeros,
673 1765 705 1831 in
732 1787 809 1852 quos
836 1763 949 1853 singuli
977 1764 1169 1853 paragraphi
1194 1765 1332 1832 distincti
1358 1776 1441 1845 suut,

289 1866 375 1934 haud
391 1888 465 1932 raro
482 1874 645 1932 mutarem.
693 1862 869 1931 Subdirisio
891 1863 945 1929 illa
965 1885 1028 1927 non
1048 1873 1097 1931 est
1122 1887 1143 1929 a
1164 1885 1258 1930 manu
1278 1864 1439 1944 Auctoris,

290 1986 391 2054 neque
412 1965 583 2053 primarum
607 1972 678 2052 post
702 1972 834 2029 mortem
859 1962 926 2050 ejus
944 1962 1134 2041 Editionum,
1157 1972 1190 2029 et
1212 1964 1313 2029 nescio
1335 1988 1356 2031 a
1377 1988 1440 2053 quo

289 2065 373 2133 facta
394 2064 496 2133 luerit
548 2064 622 2139 Sed,
647 2062 785 2150 quisquis
807 2063 859 2129 ille
874 2062 924 2139 sit,
947 2062 1143 2151 negligenter
1164 2064 1330 2129 admodum
1351 2065 1384 2130 in
1400 2087 1439 2131 eo

289 2163 463 2254 negotiose
480 2162 584 2252 gessit,
608 2171 641 2229 et
657 2172 712 2230 aut
725 2183 838 2250 parum
853 2161 1006 2228 intellexit
1024 2162 1135 2228 seriem
1151 2184 1187 2228 ec
1203 2162 1368 2230 discrimen
1390 2187 1440 2231 re-

289 2286 360 2330 rnm
380 2271 414 2329 et
434 2271 699 2352 argumentorum,
722 2270 778 2328 aut
802 2263 844 2329 ed
869 2283 907 2329 ea
929 2283 1040 2348 parum
1062 2252 1212 2329 adtendit.
1264 2264 1441 2352 Saepissime

291 2385 331 2431 ea
347 2362 496 2451 distingui
516 2361 654 2428 numeris
675 2361 795 2441 videas,
818 2382 889 2449 quse
905 2361 1068 2428 manifesto
1085 2361 1231 2451 conjungi
1247 2362 1381 2440 debent3
1407 2373 1442 2431 et

291 2461 423 2531 vicissim
446 2464 478 2527 in
502 2484 597 2529 unum
619 2484 781 2528 numerum
805 2462 953 2549 conjecta,
980 2482 1051 2547 quas
1072 2460 1291 2551 distinguenda
1316 2464 1441 2531 omnino

291 2573 392 2630 erant.
443 2563 516 2628 Hoc
545 2570 631 2646 certe
658 2584 721 2628 non
749 2570 853 2652 potest
878 2584 941 2627 non
969 2560 1087 2628 morari
1113 2564 1279 2632 lectorem
1303 2565 1441 2630 nondum

291 2663 440 2732 brevitati
462 2661 606 2730 Auctoris
624 2662 725 2729 nostri
746 2662 929 2729 adsuetum:
954 2661 1004 2728 cui
1025 2684 1066 2727 ex
1081 2662 1148 2728 sola
1167 2663 1293 2729 rectiori
1317 2663 1442 2730 distinc

292 2764 376 2832 tione
397 2763 589 2853 singulorum
610 2762 746 2850 capitum
767 2762 873 2830 stetim
896 2761 951 2828 lux
973 2771 1044 2828 orta
1065 2760 1182 2828 fuisset
1234 2761 1298 2828 Sed
1324 2772 1440 2842 tamen,

292 2887 389 2953 quum
401 2864 468 2953 jorn
484 2863 651 2932 subdivisio
667 2862 733 2948 illa,
750 2872 787 2930 ut
802 2870 839 2930 ιιι
854 2883 1019 2951 perperam
1035 2859 1224 2939 concinnata,
1240 2883 1299 2927 usu
1314 2872 1443 2950 recepta

293 2965 384 3054 quasi
407 2964 514 3044 luerit,
540 2971 573 3032 et
594 2986 663 3031 eam
685 2984 792 3030 omnes
812 2963 846 3029 in
862 2962 1018 3029 laudando
1040 2961 1180 3029 Auctore
1200 2969 1307 3027 nostro
1317 2963 1437 3049 passim

293 3071 482 3150 sequantur:
508 3063 644 3129 dandum
659 3063 693 3129 id
709 3063 788 3128 mori
804 3062 923 3150 putavi,
940 3070 978 3129 ιιι
992 3084 1033 3127 ne
1047 3061 1133 3127 illam
1148 3061 1352 3130 immutarem.
1398 3063 1443 3128 st

292 3183 369 3228 reru
385 3159 582 3227 inversione
598 3183 668 3227 mea
681 3159 809 3239 Gallica,
826 3160 880 3226 ubi
896 3161 966 3247 plns
978 3160 1068 3248 juris,
1085 3163 1145 3227 hac
1160 3161 1194 3227 in
1209 3172 1301 3250 parto
1317 3171 1350 3229 et
1365 3162 1441 3239 aliis,

292 3261 369 3327 milri
383 3283 505 3328 sumere
526 3260 623 3348 potui,
646 3259 768 3351 singula
787 3279 929 3348 quaque,
951 3268 1045 3347 prout
1066 3282 1118 3326 res
1137 3261 1206 3348 ipsa
1227 3270 1261 3328 et
1277 3263 1443 3330 Lectorum

293 3361 453 3428 commode
470 3361 546 3426 mihi
563 3361 719 3448 postulare
736 3360 802 3428 risa
818 3370 899 3437 sunt,
917 3359 1032 3448 ubique
1048 3360 1285 3449 seperabuntur.

369 3460 423 3524 Nil
439 3459 525 3526 alind
541 3469 598 3538 est,
622 3461 705 3547 quod
721 3459 755 3526 in
770 3460 875 3527 limine
896 3460 966 3528 heic
983 3461 1030 3526 Te
1051 3481 1201 3538 moneam,
1226 3462 1365 3528 Laeron
1380 3461 1444 3526 Bn-

294 3578 437 3633 narona,
461 3549 520 3622 nisi
537 3565 661 3624 utente
678 3559 780 3624 omnis
802 3560 967 3646 perlegere
988 3559 1075 3637 velis,
1098 3570 1132 3633 et
1147 3559 1211 3626 suis
1228 3560 1302 3625 locis
1322 3571 1443 3646 aptare,

293 3657 509 3722 Eurorum
526 3663 559 3721 et
574 3655 750 3732 Annnnnn,
768 3677 840 3741 quse
856 3656 981 3742 subjeci.
1032 3658 1144 3742 Neque
1160 3658 1230 3724 ideo
1246 3667 1347 3743 putes,
1365 3679 1444 3744 neg-

291 3755 427 3844 ligenter
449 3761 589 3818 curatem
611 3773 679 3818 esse
703 3753 784 3818 hunc
808 3753 996 3832 Editionem,
1018 3777 1077 3820 nec
1098 3753 1193 3818 talem
1215 3775 1292 3829 esse,
1318 3754 1443 3840 qualem

292 3853 401 3920 titulus
417 3850 591 3938 profitetur.
642 3851 706 3918 Vix
721 3850 790 3917 fieri
806 3859 919 3938 potest,
941 3861 989 3930 ut,
1012 3852 1044 3917 in
1062 3853 1168 3936 Opere
1183 3850 1356 3937 presertim
1377 3857 1442 3915 tam

291 3951 394 4039 longo,
421 3971 588 4037 numquam
615 3949 794 4018 remittatur
819 3949 982 4039 diligentia
1000 3959 1056 4018 aut
1078 3948 1228 4026 Editmis
1254 3959 1310 4017 sut
1335 3949 1442 4037 'lypo-

292 4049 493 4139 graphorum,
526 4056 582 4116 sut
606 4069 712 4114 eorum
739 4048 793 4135 qui
822 4049 1036 4135 speciminibus
1062 4047 1264 4115 emendandis
1292 4057 1441 4136 praesunt.

293 4147 506 4234 Quodcunque
522 4155 682 4234 peecatum
696 4147 808 4214 tantilli
824 4147 971 4214 momenti
987 4147 1064 4214 mihi
1080 4147 1179 4214 risum
1196 4156 1253 4227 est,
1275 4148 1349 4215 dum
1368 4147 1443 4214 folia

290 4245 470 4316 transmissa
491 4245 655 4335 perlustro,
679 4245 712 4312 in
733 4248 927 4313 commodum
943 4257 1031 4314 tuum
1047 4241 1157 4314 uetare
1172 4270 1235 4314 non
1252 4248 1375 4339 piguit:
1398 4257 1441 4328 et,

290 4347 318 4414 si
334 4369 404 4435 quse
428 4343 582 4436 supersint
599 4353 713 4423 errata,
736 4367 757 4413 a
779 4369 830 4412 me
852 4367 915 4412 non
937 4347 1162 4426 animadversa,
1186 4370 1225 4416 ea
1246 4349 1336 4415 facile
1356 4370 1376 4413 a
1395 4349 1442 4414 Te

291 4446 520 4534 deprehensum
541 4443 582 4511 iri
604 4444 734 4516 confido.
788 4447 867 4524 Ques
884 4445 1120 4536 qualiacumque
1141 4448 1213 4532 sint,
1236 4449 1296 4516 hoc
1317 4469 1442 4538 possum
