3234 5125
281 320 354 385 xxiv
699 330 728 386 J.
751 330 1012 387 lutrinumncll

280 496 538 585 quemadmodum
557 494 664 563 titulus
681 496 775 585 vulgo
796 498 973 564 ementitur.
1020 498 1132 584 Neque
1157 499 1226 563 heic
1251 498 1343 565 aliter
1365 522 1435 565 sese

278 620 346 663 rem
363 596 506 663 habuisse
522 596 721 682 deprehendi.
773 598 872 661 Immo
897 597 1018 684 priores
1042 597 1111 663 illos
1135 606 1169 663 et
1193 598 1335 685 optimos,
1361 620 1434 686 quae

279 698 321 766 sd
335 696 523 763 recentiores
545 694 753 762 emendandas
769 696 935 783 plurimum
955 696 1119 783 juvabant,
1143 697 1227 784 ipsas
1249 697 1335 763 haud
1359 719 1434 763 raro

279 818 373 863 manu
389 795 509 863 medica
525 817 629 883 egere,
646 794 823 861 certissimis
838 795 1031 883 argumentis
1047 796 1191 883 comperi.

353 894 433 962 Usui
459 894 535 959 mihi
557 894 690 961 maxime
716 894 785 971 fuit,
808 896 892 981 qnod
916 895 1038 961 adtinet
1058 896 1100 961 ad
1120 895 1220 982 ipsum
1245 897 1343 985 Opus,
1365 894 1433 963 sine

279 994 371 1061 Notis
393 994 548 1070 Auctoris,
574 1016 645 1080 qum
668 1002 776 1080 postes
800 1002 1004 1075 secesserunt,
1030 995 1131 1083 primo
1156 995 1291 1061 omnium
1316 995 1432 1073 Editio,

279 1116 349 1179 quae
366 1095 423 1159 sub
440 1093 535 1180 ipsius
551 1092 697 1159 Auctoris
714 1094 807 1160 oculis
824 1093 944 1181 prodiit
960 1096 1104 1161 Lutetiae
1117 1098 1335 1174 Parisiorum,
1350 1118 1432 1162 anno

279 1194 372 1258 AErse
389 1192 527 1281 vulgaris
541 1213 576 1257 u.
591 1213 643 1259 no.
657 1214 738 1262 xxv,
791 1194 943 1282 Magnum
960 1193 1072 1259 deinde
1091 1193 1303 1280 adjumentum
1320 1196 1434 1261 adtulit

277 1292 332 1357 ille
348 1292 421 1357 anni
437 1314 471 1357 u.
481 1313 647 1357 nonnum.
665 1293 785 1358 minore
802 1292 903 1357 forma
916 1292 1064 1379 typisque
1077 1293 1267 1359 nitidissimis
1276 1296 1433 1361 Anatole·

277 1394 372 1457 domi
386 1412 507 1469 excusa,
524 1392 609 1477 apud
630 1393 837 1457 Gulielmum
854 1393 971 1468 Busa,
989 1404 1020 1457 et
1035 1415 1190 1477 amessa
1204 1396 1252 1457 cul
1265 1396 1433 1480 cuempler

278 1492 321 1556 ab
337 1494 409 1577 ipso
424 1491 564 1555 Auctore
578 1494 774 1575 recoquitum
790 1503 887 1576 atque
905 1492 1115 1566 enundatum,
1138 1499 1174 1555 ut
1193 1490 1275 1556 idem
1294 1514 1432 1580 praesens

277 1591 523 1671 Amstelodomi,
544 1591 597 1655 die
618 1591 638 1654 8
663 1591 795 1675 Aprilis
818 1589 956 1675 ejusdem
981 1589 1064 1667 anni,
1088 1598 1232 1667 testatur,
1258 1590 1291 1655 in
1315 1592 1432 1679 pagina

276 1698 347 1775 post
363 1688 485 1755 titulum
503 1709 622 1753 eversa.
677 1690 727 1754 Ex
746 1688 807 1754 illis
830 1688 950 1754 duabus
970 1687 1176 1766 Editionibus,
1196 1698 1253 1755 aut
1274 1712 1315 1756 ex
1336 1690 1432 1755 eiter-

276 1796 361 1866 utra,
388 1787 521 1875 plurima
544 1788 611 1853 locu
630 1787 872 1863 emendarimus,
896 1809 968 1874 quae
989 1787 1023 1851 in
1044 1788 1189 1866 omnibus
1205 1789 1256 1854 vel
1274 1789 1431 1877 plerisque

275 1888 498 1973 posterioribus
526 1886 636 1953 vitiosa
661 1895 760 1953 erent.
812 1888 862 1951 De
893 1888 1007 1952 talibus
1033 1895 1138 1953 autem
1166 1889 1431 1954 emendationibus

275 1986 441 2073 aliquando
456 1985 613 2053 occasione
628 1987 712 2064 data,
730 1987 781 2053 rel
798 1986 852 2051 ubi
867 1986 1038 2052 consultum
1055 1986 1228 2065 videbatur,
1243 1988 1430 2055 monuimus:

275 2085 331 2151 sed
352 2107 458 2151 omnes
479 2084 629 2163 indicare,
655 2086 819 2171 superflnae
840 2085 998 2171 eujusdam
1021 2084 1131 2151 fuisset
1153 2086 1345 2173 diligentioe;
1372 2109 1431 2152 nec

274 2183 453 2271 patiebatur
471 2183 637 2247 Lectorum
654 2184 864 2259 commoditas,
883 2191 919 2248 ut
942 2183 991 2247 his
1007 2191 1040 2248 et
1053 2182 1123 2248 aliis
1138 2183 1314 2269 hujusmodi
1333 2185 1430 2251 moles

275 2281 437 2347 voluminis
462 2288 640 2367 augeretur.
694 2282 740 2347 Ut
765 2290 880 2359 tamen,
904 2281 979 2367 qnid
1000 2282 1060 2346 lrac
1083 2281 1115 2345 in
1140 2293 1231 2369 perte
1257 2284 1431 2371 praestiter-

274 2381 365 2457 imus,
392 2378 516 2446 Lectori
543 2379 738 2445 manifestum
761 2379 826 2457 fiat,
852 2380 978 2467 aliquod
1005 2380 1074 2445 heic
1100 2382 1255 2466 specimen
1280 2384 1430 2451 exhibere

274 2479 391 2569 placuit
415 2481 562 2557 locorum,
587 2500 658 2565 quas
681 2479 803 2557 tacitus,
830 2479 955 2569 optimis
983 2479 1179 2547 Editionibus
1208 2484 1429 2570 preeuntibus,

274 2603 407 2647 correxi.
520 2615 522 2622 ·

349 2680 423 2745 Non
440 2677 493 2744 diu
510 2679 680 2765 quaerenda
695 2689 788 2748 erunt
804 2681 957 2767 exempla.
1009 2680 1113 2749 Offert
1133 2703 1167 2747 se
1189 2683 1295 2749 stetim
1313 2683 1382 2750 Lib.
1401 2686 1428 2750 Ι.

272 2801 341 2866 cap.
358 2801 404 2845 111.
423 2786 437 2866 ᾗ
457 2777 509 2846 17.
527 2801 610 2845 num.
630 2781 660 2844 2.
678 2779 744 2846 init
788 2783 895 2846 Multi
909 2783 1066 2847 oduusus
1080 2783 1180 2849 talem
1193 2796 1313 2849 statum
1330 2788 1429 2870 quasi

275 2881 439 2966 bicipitem
468 2881 672 2945 incommoda
701 2881 806 2945 multo
836 2901 1026 2946 snruuuur.
1088 2882 1139 2947 Its
1167 2882 1362 2968 reposuimus
1388 2906 1429 2949 ex

273 2980 375 3065 prima
389 2977 544 3054 Editione‚
559 3000 653 3064 quum
666 2978 697 3043 in
713 2978 781 3044 aliis
797 2980 938 3045 omnibus
954 3001 1121 3066 perperam
1134 2980 1257 3068 legatur
1269 2985 1427 3068 deserunt.

272 3077 343 3143 Lib.
362 3079 404 3142 II.
423 3098 489 3162 cap.
509 3097 539 3142 v,
562 3085 576 3162 ξ
594 3080 623 3142 9.
649 3099 732 3142 num.
750 3079 781 3142 4.
839 3081 934 3159 Quod
950 3082 981 3144 si
999 3099 1058 3149 Qus
1074 3082 1195 3165 populi
1212 3084 1429 3163 continentius

273 3188 414 3261 eperunt,
440 3189 477 3240 ut
504 3177 657 3252 Romani,
679 3189 737 3241 eto.
789 3177 862 3243 Vox
889 3179 957 3262 qui,
985 3177 1148 3243 manifesto
1176 3180 1360 3260 necessaria,
1388 3203 1427 3246 ex

274 3275 415 3342 omnibus
454 3273 663 3351 Editionibus,
696 3283 767 3361 post
797 3273 882 3340 illam
915 3274 1057 3362 primum,
1089 3276 1240 3342 hactenus
1271 3279 1426 3346 abfuerat.

273 3375 393 3441 Eodem
410 3374 511 3461 capite
529 3381 543 3460 ξ
562 3376 615 3440 13.
640 3395 724 3440 num.
743 3376 773 3440 1.
792 3373 933 3440 eamdem
954 3374 1061 3439 ducem
1083 3383 1243 3460 sequutus,
1262 3378 1359 3442 verbs
1379 3399 1427 3443 se·

272 3475 400 3560 quentia
416 3472 462 3539 ita
479 3473 529 3538 edi
541 3471 640 3558 jussi:
671 3475 790 3560 Collipi
809 3476 938 3540 uidetur
960 3496 999 3539 ec
1023 3475 1094 3540 illis
1116 3476 1184 3540 Dei
1207 3476 1313 3541 uerbis
1336 3498 1426 3541 seue

272 3576 407 3651 Motum,
431 3585 486 3636 etc.
522 3592 616 3656 quum
641 3571 675 3635 in
698 3572 766 3638 eliis
789 3572 932 3638 omnibus
955 3581 1049 3638 antes
1076 3572 1224 3659 seriptum
1246 3573 1355 3640 fuisset
1379 3579 1427 3642 acl

272 3673 405 3738 Mosem.
469 3669 618 3733 Similiter
649 3668 717 3737 Lib.
746 3671 788 3734 II.
821 3691 959 3756 csp.x1.
991 3678 1005 3755 q
1033 3673 1085 3736 18.
1106 3693 1189 3736 num.
1219 3676 1249 3737 1.
1275 3673 1307 3738 in
1341 3673 1422 3741 fine:

271 3769 488 3837 Naturaliter
520 3769 650 3832 uidetur
683 3770 768 3833 milti
810 3789 1021 3833 securrsurr
1045 3771 1105 3854 jus
1145 3772 1225 3836 dari
1257 3775 1424 3858 efficiendi,

270 3879 316 3946 ut,
335 3883 382 3947 qe.
435 3864 519 3931 Illud
536 3869 721 3953 acceptasti
743 3888 782 3932 ex
799 3866 947 3934 Editione
969 3867 1070 3955 prima
1086 3868 1263 3935 restitutum
1284 3879 1351 3938 est:
1377 3873 1426 3937 ul-

270 3967 355 4034 timae
383 3967 582 4051 acceptando
609 3964 748 4030 fecerant
774 3987 815 4030 ex
842 3969 1045 4053 acceptabili,
1076 3967 1161 4055 quod
1186 3967 1219 4033 in
1247 3969 1425 4037 Editionem

270 4067 345 4133 anni
373 4067 461 4132 1632
492 4086 589 4151 prave
618 4062 799 4150 irrepserat.
863 4067 1012 4152 Ejusdem
1044 4067 1114 4132 Lib.
1146 4088 1213 4153 cop.
1237 4089 1294 4133 xx.
1327 4072 1423 4156 540.

270 4189 354 4234 num.
371 4168 401 4230 1.
425 4165 484 4230 sub
510 4165 609 4256 inite
637 4165 702 4228 Sed
722 4177 752 4230 et
774 4166 813 4230 ob
834 4187 899 4245 eas,
924 4188 996 4251 pite
1015 4169 1104 4252 ipsos
1118 4169 1336 4252 peculiariter
1360 4192 1425 4235 uon

270 4278 418 4353 turipum,
451 4265 565 4328 sedin
590 4263 757 4348 quibusvis
779 4267 931 4349 personis
952 4265 1011 4348 jus
1036 4278 1165 4331 naturoe
1194 4278 1255 4332 aut
1278 4270 1424 4352 peutium

269 4367 458 4432 immaniter
477 4383 630 4427 vrousnn.
683 4361 735 4427 Sic
752 4362 913 4440 edidimus,
931 4385 971 4428 ex
988 4363 1258 4451 Editioneprima,
1274 4366 1424 4436 etaltera

269 4465 344 4530 enni
362 4465 449 4530 1632
472 4461 599 4547 relique
625 4460 706 4526 enim
728 4483 834 4527 omnes
849 4461 925 4527 illud
941 4464 1068 4530 violent
1083 4463 1115 4528 in
1132 4467 1331 4532 violantibus
1347 4487 1422 4534 aux·
