3234 5125
176 356 245 415 am.
258 355 312 426 11.]
368 356 422 413 Art
443 354 619 413 uunntnu
640 354 812 423 monum
831 356 988 415 ausuum
1009 358 1079 415 err.
1236 350 1278 419 79

176 522 260 590 diota
274 522 419 611 quaedem
441 530 583 590 veterum
606 520 877 590 christimorum:
898 523 940 591 ad
963 546 1034 612 qum
1060 522 1123 591 tria
1146 522 1278 594 ditanda

243 724 264 788 2
298 720 437 787 Primum
453 727 510 799 est,
527 740 568 786 ex
583 719 621 785 iia
638 718 728 786 dietis
743 718 821 784 nihil
837 719 969 807 amplius
984 720 1088 810 oolligi
1106 742 1199 809 quam
1214 722 1278 811 pri-
1354 736 1379 784 1.

176 828 282 887 ratam
298 819 492 907 quorundam
503 818 699 896 sententiam,
711 840 774 883 nou
789 819 944 907 publieam
959 818 1182 888 Eoolesiarum:
1195 823 1277 889 adde

175 919 260 1005 quod
276 919 375 985 terme
392 938 522 1005 quorum
540 939 579 984 ea
595 917 679 984 diota
701 924 783 995 sunt,
800 925 909 984 amant
927 918 968 984 ab
994 917 1063 984 aliis
1084 920 1213 987 seorsim
1228 920 1277 988 ire

175 1026 210 1083 et
225 1018 337 1084 dooere
356 1016 505 1103 quiddam
530 1014 797 1105 magnifioentiue3
826 1015 936 1103 quales
960 1025 1035 1083 suut
1062 1018 1216 1107 Origenes
1243 1028 1277 1087 et
1290 1012 1428 1085 οιιιιοιιὶ

177 1116 395 1193 Tertullianus,
412 1116 467 1202 qui
483 1136 542 1181 neo
558 1114 616 1181 sibi
633 1113 709 1181 satis
725 1121 878 1182 oonstant.
922 1114 1006 1181 Nam
1021 1115 1104 1182 idom
1123 1091 1324 1208 ougenesii
1288 1093 1429 1266 amni&

175 1236 253 1303 apes
284 1216 330 1281 ait
360 1237 381 1282 a
406 1216 476 1280 Deo
510 1214 728 1279 documentum
755 1213 846 1279 datos
868 1209 948 1307 apis
981 1244 1024 1282 το
1013 1208 1190 1290 δικαίους
1221 1216 1320 1286 troiiDe
1289 1271 1433 1313 ,mm

177 1311 406 1406 τεταγμένους
436 1308 610 1393 πολέμους,
639 1311 759 1381 εἴποτε
784 1304 859 1396 δέοι,
885 1311 1108 1402 ’γίγνεσθαι
1091 1344 1128 1383 sv
1151 1311 1319 1410 inepti,
1289 1320 1424 1360 mm

178 1430 260 1483 ποις·
305 1416 349 1480 Ut
366 1414 451 1479 bella
459 1412 556 1497 justa
571 1423 668 1498 atque
682 1412 938 1479 ordinamenta
953 1415 1094 1480 homiues
1107 1430 1275 1501 gerantur,

176 1514 208 1577 si
231 1515 362 1595 putando
385 1513 425 1577 id
440 1511 554 1595 jubeat
581 1512 777 1577 necessitas:
802 1520 837 1577 et
864 1510 947 1576 idem
975 1511 1029 1578 illo
1056 1514 1276 1594 Tertullianus,

175 1610 231 1695 qui
259 1610 333 1678 alibi
362 1609 513 1697 supplicia
542 1608 687 1695 oapitalia
719 1608 821 1673 minus
851 1610 987 1696 probare
1019 1609 1153 1691 videtur,
1188 1614 1277 1692 dixit,

175 1712 322 1776 'Bonum
346 1710 429 1774 ⁵esee
456 1730 529 1773 oum
547 1709 733 1792 puniuntur
755 1720 900 1774 noeentea
923 1731 1014 1775 tiemo
1034 1724 1152 1796 negat:
1178 1712 1223 1777 Et
1239 1714 1280 1778 de

175 1807 288 1874 militia
299 1805 443 1872 haesitat:
462 1826 535 1869 nam
548 1805 629 1870 libro
646 1804 686 1869 de
702 1804 894 1882 Idololatria,
912 1810 1089 1886 Quaeritur,
1106 1809 1216 1895 inquit,
1234 1832 1279 1875 aa
1291 1830 1379 1881 οιιιιο

169 1906 285 1991 fideles
300 1906 349 1970 ad
370 1905 529 1969 militiam
551 1905 694 1969 converti
704 1905 843 1989 poeeiut,
861 1916 952 1969 etan
973 1906 1099 1972 militia
1116 1910 1163 1971 aa
1178 1909 1280 1990 fidem

176 2004 338 2070 admitti.-
362 2004 407 2069 Et
431 2000 556 2068 ridetur
577 2022 614 2066 eo
639 2000 706 2067 loeo
723 2000 921 2089 propendere
944 2000 977 2067 in
994 2024 1063 2068 eam
1084 2005 1278 2084 sententiam,

176 2124 248 2192 qnae
275 2100 393 2168 miiitiae
419 2100 613 2167 adversatur.
660 2101 705 2167 At
732 2100 814 2166 libro
837 2100 878 2167 de
907 2101 1035 2169 Corona
1055 2104 1191 2180 Militia
1210 2126 1280 2169 oum

176 2200 320 2289 quaedam
346 2200 497 2267 adversm
523 2198 664 2264 militiam
693 2198 892 2286 disputasset,
920 2222 993 2266 mox
1026 2201 1197 2291 distinguit,
1226 2202 1280 2290 qui

178 2310 252 2367 ente
269 2299 457 2387 baptismum
474 2297 658 2375 militabant,
684 2298 788 2375 abiis,
806 2298 862 2386 qui
878 2309 950 2387 post
966 2300 1152 2388 baptismum
1167 2324 1279 2368 nomen

174 2399 256 2465 daut
271 2398 397 2464 militie.
451 2399 566 2475 Plane,
593 2396 703 2483 inquit,
720 2399 752 2464 ai
768 2420 848 2484 quoe
863 2400 990 2465 militia
999 2415 1182 2487 praeventos
1196 2404 1341 2487 fidetem
1351 2416 1381 2457 1¹·

174 2500 335 2585 posterior
350 2498 483 2574 invenit,
507 2498 581 2563 alia
598 2498 741 2563 conditio
757 2508 813 2576 eet,
831 2510 868 2565 ut
883 2500 1025 2577 illoram,
1043 2523 1122 2588 quoe
1137 2504 1281 2569 Joaunes

178 2598 372 2664 admittebat
398 2601 445 2663 ad
476 2597 669 2672 tuomum
694 2608 730 2662 ut
759 2600 981 2664 centurionum
1002 2602 1279 2683 fidelieeimorum,

179 2717 268 2780 queem
298 2697 446 2764 Citriatm
465 2696 599 2782 probat,
629 2707 660 2762 et
686 2717 778 2782 quem
805 2699 929 2763 Petrus
953 2701 1161 2767 catechizat:
1185 2695 1281 2766 t(iam

175 2870 290 2931 'epam
301 2867 470 2930 etitalegitnr
485 2866 551 2925 (uam
566 2865 661 2912 Auotor
675 2879 706 2912 ex
752 2867 820 2912 trina
836 2865 932 2912 atoma
947 2865 1058 2924 Paron,
1074 2868 1136 2927 cap.
1150 2869 1182 2915 vi.
1198 2867 1215 2928 fi
1229 2869 1246 2916 o
1259 2871 1282 2916 et

179 2945 294 2992 memoria
310 2944 379 2990 illum
393 2939 652 2998 attenuatam»
665 2943 707 2995 est,
753 2952 818 2997 seqq.
828 2941 864 2995 25,
875 2943 921 2985 eto.
951 2938 1033 2999 J.B.]

178 3033 250 3079 quara
267 3019 401 3079 punirentur
425 3018 538 3061 uocatu.
572 3012 633 3071 Quis
656 3013 708 3069 too,
799 3011 1283 3076 ‘Dumtmaeamoeptafldemqaeaiq-

179 3096 227 3142 eriri
255 3107 348 3152 ιιοοου,
375 3088 490 3150 negabit?
524 3089 564 3135 Sit
589 3087 708 3135 sententia
754 3085 825 3148 nata]
840 3086 1033 3144 Distiuotionem,
1048 3101 1119 3148 qnam
1134 3089 1174 3136 hio
1188 3091 1219 3136 de
1236 3091 1283 3136 mt-

179 3169 309 3230 δνιργείιιν
327 3166 441 3226 majorem
464 3165 545 3212 hebet.
587 3164 707 3211 Ceterum
754 3161 807 3208 litia
826 3161 904 3218 affert,
922 3161 980 3207 alibi
1002 3163 1033 3208 ad
1052 3164 1148 3224 nuptia
1168 3165 1282 3225 applicat,

179 3245 233 3290 ride
250 3255 305 3304 quse
322 3242 353 3288 de
367 3241 404 3286 hia
418 3239 485 3296 loeis,
500 3241 525 3285 st
539 3237 600 3295 aliis,
610 3237 708 3284 Tertul-
755 3241 808 3283 tum
817 3235 880 3281 libro
889 3234 919 3280 da
927 3234 1092 3296 Moaopanta,
1106 3240 1158 3284 tum
1168 3238 1281 3285 mom.

178 3317 244 3376 liaui,
254 3317 357 3364 diximus
367 3316 392 3361 tn
402 3314 476 3362 Libro
487 3311 582 3360 Gatiloo
591 3311 631 3360 De
640 3311 708 3359 Doc-
754 3311 822 3358 tione
831 3309 955 3358 munus

180 3561 253 3618 from
272 3561 323 3619 the
344 3579 444 3633 usages
464 3561 554 3617 ehieh
576 3561 644 3634 they
657 3560 713 3616 had
729 3556 908 3616 established.
941 3559 1014 3614 Now
1025 3557 1108 3613 those
1119 3553 1182 3611 who
1196 3571 1283 3628 argue

181 3650 289 3719 against
301 3665 360 3702 urar
380 3665 429 3703 are
446 3647 625 3703 aoenstomed
646 3653 677 3702 to
694 3646 803 3702 adduce
817 3661 896 3701 some
917 3645 1029 3717 sayings
1047 3643 1080 3699 of
1100 3641 1150 3698 the
1170 3643 1283 3697 ancient

182 3733 352 3799 Christians3
370 3750 408 3789 on
417 3727 508 3789 rrhioh
521 3733 535 3788 1
549 3733 621 3788 have
633 3731 714 3788 three
725 3732 851 3788 remarks
865 3737 897 3786 to
912 3731 1003 3786 make.
1274 3729 1277 3736 '

235 3825 253 3873 2
275 3817 319 3887 (1)
341 3819 403 3874 'l'ho
420 3819 482 3874 first
496 3819 519 3874 is
531 3818 594 3873 that
607 3819 682 3873 from
696 3817 776 3873 these
794 3831 935 3890 passages,
948 3815 1069 3887 nothing
1080 3827 1161 3870 more
1176 3819 1229 3870 tan
1245 3813 1283 3869 bo

181 3904 319 3960 oolleoted
328 3904 398 3960 than
410 3903 459 3960 the
471 3904 579 3977 private
591 3903 707 3977 opinion
717 3903 751 3958 of
763 3903 870 3958 carmin
881 3901 1057 3966 individuale,
1066 3899 1176 3956 nottho
1188 3901 1284 3973 publio

178 3990 328 4061 jndgment
339 3989 430 4045 ottho
444 3987 572 4044 charoh:
589 3988 645 4043 add
654 3995 684 4045 to
699 3987 797 4053 which,
805 3988 870 4043 that
881 3986 931 4044 the
941 4003 1057 4060 persons
1067 3984 1160 4041 whose
1172 3987 1284 4058 sayings

159 4101 162 4108 ·
182 4089 231 4128 are
245 4075 350 4144 quoted
368 4091 417 4130 are
433 4075 536 4147 mostty
552 4075 659 4130 writers
675 4074 737 4130 who
751 4073 808 4130 like
822 4079 853 4129 to
867 4089 903 4146 go
922 4073 952 4128 in
965 4089 984 4127 a
996 4069 1067 4144 path
1081 4071 1116 4126 ot‘
1124 4071 1201 4127 their
1213 4087 1284 4134 own,

182 4158 239 4214 and
253 4163 284 4213 to
296 4159 379 4214 teaoh
397 4161 427 4214 in
441 4177 459 4215 a
472 4177 541 4232 very
555 4160 623 4232 high
633 4161 738 4227 strain;
755 4159 825 4215 suoh
845 4175 894 4215 are
913 4159 1018 4230 Origen
1038 4157 1095 4211 aud
1115 4155 1283 4212 Tertullian.

182 4245 241 4299 But
254 4259 325 4299 even
340 4243 420 4300 these
434 4245 542 4301 writers
558 4261 607 4300 are
624 4251 675 4301 not
694 4246 848 4301 consistent
864 4243 932 4299 with
947 4242 1124 4298 themselves.
1163 4241 1221 4295 For
1234 4237 1285 4292 tho

181 4344 259 4385 same
275 4329 379 4399 Origen
389 4346 450 4402 says
464 4330 527 4386 thot
538 4331 605 4386 bees
619 4348 668 4386 are
683 4347 719 4386 an
734 4331 862 4402 example
876 4328 1028 4402 appointed
1042 4327 1081 4398 by
1091 4324 1156 4379 (iod
1166 4329 1197 4378 to
1209 4322 1284 4376 sherr

181 4414 245 4470 that
256 4415 317 4486 just
333 4430 403 4469 wara
418 4431 482 4488 may
495 4415 532 4470 be
543 4416 652 4472 carried
666 4433 702 4472 on
717 4415 743 4470 if
752 4417 775 4471 it
785 4415 823 4471 bo
836 4431 1000 4485 neeessary:
1020 4413 1069 4467 the
1080 4423 1158 4464 mmo
1172 4405 1285 4461 Tertul-

181 4500 240 4556 lian
257 4499 321 4556 who
339 4499 370 4554 in
389 4499 471 4556 other
485 4502 579 4575 places
597 4518 687 4558 seems
706 4507 737 4559 to
753 4497 921 4574 disapprore
935 4498 968 4554 of
979 4493 1083 4569 capital
1095 4489 1286 4565 punishment,
