3234 5125
731 680 875 748 CAPUT
898 681 939 748 V.

542 851 612 917 QUI
631 849 792 906 BELLUM
813 847 942 905 melun
965 845 1131 904 GERAN'I'.

306 1009 331 1065 I.
374 1005 813 1078 Bdtienmueffeetrieesuliur
947 1002 1161 1058 ooeamtditos.

371 1094 759 1168 eseeprineipeletinmre:
861 1087 913 1146 IV.
949 1090 1389 1162 Naturoejurenemioemuhello

297 1179 337 1237 Π.
375 1179 433 1237 Aut
444 1180 639 1254 edjuuootesin
650 1178 756 1233 dm:
944 1177 1089 1250 prohiberi.

286 1265 340 1323 ΠΙ.
371 1268 452 1323 Alius
467 1264 690 1330 immernor,
709 1271 741 1318 ut
756 1280 811 1318 eer-

286 1402 313 1470 I.
437 1408 465 1474 Τ
489 1407 524 1474 in
549 1407 618 1474 eliis
639 1407 746 1482 rebus,
766 1404 813 1472 itu
832 1410 866 1470 et
890 1403 924 1469 in
942 1402 1111 1471 voluntatis
1132 1404 1302 1472 notionibus
1326 1405 1389 1473 trie

461 1529 530 1574 esee
551 1506 651 1572 solent
672 1504 866 1571 efficientium
883 1525 1011 1591 genere,
1028 1503 1223 1593 principales,
1240 1504 1390 1592 rejuven-

290 1616 348 1685 tes,
365 1614 399 1674 et
417 1606 634 1676 instrumente.
686 1605 790 1671 Gerus
810 1603 951 1668 effectrix
969 1603 1148 1690 prinoipnlie
1171 1603 1205 1670 in
1227 1605 1309 1670 bello
1325 1605 1391 1693 ple·

288 1729 420 1794 rumque
435 1715 485 1774 est
505 1706 544 1784 is,
566 1705 655 1793 eujus
672 1725 726 1770 res
747 1703 873 1792 egitur:
890 1701 923 1767 in
939 1703 1064 1791 privato
1080 1703 1239 1792 privetur:
1264 1704 1298 1769 in
1314 1705 1392 1792 pub·

289 1807 348 1873 lieo
373 1815 512 1895 potestus
533 1805 665 1892 publieu,
682 1803 817 1870 maxime
833 1823 961 1868 summu.
1014 1803 1066 1868 An
1087 1812 1121 1869 et
1139 1825 1198 1890 pro
1220 1803 1290 1868 aliis
1314 1803 1392 1870 nihil

289 1904 485 1972 moventibus
513 1904 628 1971 bellum
654 1903 774 1969 mereri
806 1902 848 1968 eb
880 1901 941 1967 alio
970 1902 1076 1989 possit,
1100 1899 1175 1969 alibi
1203 1901 1389 1970 videbimus.

289 2006 373 2071 Illud
398 2005 524 2071 interim
545 2002 728 2080 tenebimus,
754 1997 942 2067 naturaliter
967 2023 1122 2088 quemque
1150 2001 1298 2090 suijuris
1323 2024 1391 2069 esee

290 2102 463 2171 vindicem:
488 2103 559 2169 ideo
576 2123 687 2168 munus
701 2101 791 2167 nobis
808 2099 901 2166 datm.

127 2219 254 2260 uruvuu
364 2204 408 2268 11.
455 2204 475 2267 1
509 2201 574 2268 Sed
597 2209 632 2266 et
652 2199 745 2266 elteri
769 2200 918 2286 prodesse
938 2219 1009 2285 que
1024 2199 1177 2287 possimus
1192 2217 1254 2266 non
1271 2198 1390 2266 licitum

124 2269 273 2397 ffffip
291 2301 393 2378 moso,
406 2301 463 2366 oo
476 2307 510 2366 o
525 2299 688 2365 nouatum
705 2306 763 2364 ee
809 2300 909 2364 neue
929 2299 984 2385 qui
1003 2299 1044 2364 «ιο
1069 2299 1174 2364 officio
1190 2299 1390 2387 meumst,

125 2406 264 2489 {thim
292 2399 390 2477 aiunt,
413 2395 492 2464 nihil
513 2419 581 2464 esee
603 2397 721 2464 homini
745 2396 850 2464 utilius
872 2398 996 2463 homine
1021 2398 1130 2465 altero.
1183 2400 1263 2465 Sunt
1287 2409 1392 2466 eutem

125 2495 250 2582 iffi*
292 2499 416 2567 diverse
431 2497 589 2565 hominum
604 2497 687 2565 inter
707 2518 741 2564 se
764 2497 895 2575 vinculo,
922 2519 992 2585 quae
1017 2497 1059 2565 ud
1076 2505 1220 2569 xmutuam
1237 2519 1327 2587 opem
1346 2497 1393 2565 in·

127 2589 209 2638 ⁰⁴¹st
292 2598 410 2666 vitent:
435 2620 509 2665 nem
529 2606 563 2665 et
582 2596 706 2689 noguuti
731 2598 772 2663 ed
798 2619 888 2684 opem
908 2597 1069 2663 ferendum
1092 2606 1213 2675 uniunt,
1240 2606 1273 2664 et
1299 2598 1394 2665 vieini

291 2697 508 2777 inclamantur,
535 2706 570 2765 et
596 2698 650 2785 qui
670 2696 810 2785 ejusdem
839 2696 975 2763 civitatis
1000 2706 1074 2764 eunt
1098 2696 1285 2786 participes3
1310 2699 1393 2765 unde

150 2826 207 2902 “a
291 2797 386 2867 illud=
408 2802 520 2867 Porro
541 2800 697 2879 Quiete,
720 2810 751 2865 et
774 2798 943 2884 qeriritaei.
994 2796 1180 2864 Aristoteles
1195 2797 1284 2875 dixit,
1302 2819 1393 2885 opor-

177 2890 182 2900 '
291 2906 360 2964 tere
376 2920 530 2987 quemque
546 2906 603 2964 eut
618 2918 676 2986 pro
693 2919 727 2963 se
742 2917 833 2963 sumu
849 2918 982 2973 sumere,
1007 2897 1034 2961 si
1058 2896 1203 2983 injurium
1225 2897 1392 2985 acceperit,

335 3075 347 3102 ⁸
362 3066 447 3128 Solon]
466 3067 549 3114 Vsrbs
562 3069 614 3115 hoo
627 3068 772 3114 Plutarchus
780 3080 819 3112 re·
868 3066 980 3124 κοῦμονοι
994 3064 1187 3125 προβάλλονται
1202 3066 1243 3113 rel
1259 3064 1394 3126 κολάζουσι

290 3143 339 3190 fert
362 3142 426 3203 (Vis.
443 3142 524 3190 Solon.
540 3158 565 3203 p.
580 3145 611 3190 88
627 3142 677 3201 n)=
698 3144 750 3188 τῶν
768 3140 819 3186 τό·
867 3138 1092 3186 τοὺςᾰδικοῦνταπ·
1109 3139 1237 3187 ciuitatum
1249 3140 1394 3201 illasilicis-

291 3214 356 3261 >tm
375 3213 506 3261 rethma
522 3215 631 3260 οἰκεῖται
654 3213 735 3268 ircim
756 3213 782 3258 iv
801 3211 821 3273 ᾖ
867 3216 925 3262 rime
940 3217 1142 3277 mittentesque
1158 3219 1200 3277 qui
1215 3217 1329 3275 injurium
1347 3232 1395 3263 nou

290 3290 344 3337 orio
356 3288 521 3349 ἀδικουμένων
535 3289 583 3349 οὐχ
591 3286 705 3344 ἧττονοὶ
718 3285 753 3347 μὴ
766 3288 821 3334 ἅδι-
866 3292 996 3350 sensus-mi
1010 3304 1059 3338 non
1073 3294 1150 3339 ssim
1163 3308 1235 3354 qm
1248 3294 1291 3355 qm*
1303 3306 1396 3340 mers

483 3543 622 3598 (issem
638 3543 675 3600 V.
724 3544 794 3600 Whe
807 3562 873 3617 moy
887 3546 1014 3621 lewfolly
1027 3546 1104 3602 make
1117 3564 1188 3601 mr.

345 3660 370 3716 1.
400 3657 440 3714 he
451 3660 481 3714 in
496 3661 578 3716 other
589 3660 692 3733 things,
704 3678 736 3719 so
747 3664 778 3716 in
788 3662 838 3717 the
852 3664 959 3720 notione
974 3664 1008 3720 of
1019 3664 1068 3720 the
1079 3664 1143 3729 will,
1156 3662 1238 3721 there
1254 3680 1302 3720 ere
1317 3680 1395 3720 oom-

294 3744 391 3814 monly
404 3744 485 3799 three
498 3746 581 3801 kinds
593 3747 627 3801 of
635 3748 756 3802 efficient
767 3764 880 3814 oensem
899 3750 948 3805 the
959 3749 1105 3823 prinoipel,
1117 3749 1167 3806 the
1178 3750 1323 3822 suxiliury,
1337 3750 1394 3806 und

294 3829 345 3884 the
359 3828 550 3885 instrumente.
575 3831 636 3886 The
647 3833 784 3903 principe!
796 3833 925 3890 effective
937 3852 1021 3891 cause
1034 3837 1064 3890 in
1076 3836 1167 3891 weris
1182 3835 1343 3907 commonly
1356 3836 1394 3891 he

294 3912 388 3968 whose
396 3914 544 3968 interestis
552 3917 727 3982 oonoerned;
744 3919 774 3971 in
785 3918 894 3989 private
902 3937 966 3987 wer,
977 3938 995 3975 n
1005 3922 1114 3993 private
1125 3937 1246 3994 person;
1260 3921 1289 3976 in
1298 3921 1395 3993 publio

295 4015 360 4063 wer,
372 3997 491 4068 spublie
500 4014 601 4070 power,
612 4001 756 4074 generally
768 4020 786 4057 s
794 4007 940 4077 sorereign
949 4024 1051 4078 power.
1076 4006 1213 4063 Whether
1221 4023 1277 4063 wer
1285 4008 1395 4079 msybe

294 4085 378 4140 mode
391 4082 430 4156 by
444 4084 573 4151 mother,
587 4086 633 4141 for
647 4086 728 4143 those
741 4087 804 4143 who
819 4089 919 4147 donet
931 4091 1096 4148 themselves
1108 4094 1161 4148 etir
1174 4094 1204 4147 iu
1221 4094 1253 4158 io,
1265 4109 1307 4148 we
1322 4092 1395 4151 shull

196 4186 201 4193 ’
295 4186 343 4227 see
357 4168 516 4227 elsewhere.
553 4172 590 4226 In
608 4171 658 4227 the
675 4190 759 4228 menn
776 4176 846 4231 time
860 4194 902 4232 we
921 4176 990 4232 hold
1008 4179 1047 4245 by
1060 4178 1117 4234 thie
1136 4180 1257 4245 mulm3
1275 4178 1339 4234 thst
1355 4178 1396 4250 by
1463 4220 1467 4229 .

294 4240 416 4312 lietursl
429 4257 504 4323 Low,
514 4273 598 4331 every
609 4275 663 4315 oue
673 4259 698 4315 is
709 4259 759 4316 the
769 4261 927 4318 rindiostor
938 4263 972 4317 of
979 4262 1023 4318 his
1035 4279 1097 4319 own
1108 4264 1200 4337 right:
1219 4264 1309 4320 thisie
1320 4265 1396 4321 whut

294 4342 386 4399 hunde
400 4359 473 4398 were
486 4344 570 4416 given
584 4345 638 4400 for.

349 4430 388 4486 11.
420 4435 435 4484 1
453 4430 512 4486 But
521 4430 644 4487 further:
661 4437 692 4487 to
703 4428 769 4506 help
776 4433 897 4489 another
908 4431 990 4489 when
1001 4452 1043 4491 wo
1056 4452 1118 4503 eun,
1129 4436 1153 4492 is
1163 4442 1214 4493 not
1224 4434 1394 4510 oulyluwinl

293 4510 347 4571 but
352 4530 465 4589 proper.
489 4517 583 4577 These
594 4517 655 4575 who
667 4516 740 4578 here
749 4521 862 4577 written
869 4520 903 4577 of
911 4520 1021 4588 Butler,
1031 4522 1137 4596 rightly
1145 4540 1195 4596 ιε]
1202 4523 1266 4579 thet
1275 4522 1396 4595 nothing
