3234 5125
326 307 390 370 380
571 316 624 370 ΒΕ
645 314 922 380 AOQUISITIONE
941 314 1193 380 DERIVATIVA,
1301 312 1375 382 [ure
1390 313 1432 369 11.

326 479 409 546 tibus
426 478 458 544 in
473 479 655 568 superstites
671 487 821 546 transeat.
859 481 939 546 Haec
955 487 1060 545 autem
1077 487 1126 545 est
1143 477 1294 544 successio
1310 477 1435 544 linealis

326 577 497 668 cognatim,
521 579 553 643 in
575 601 637 664 qua
661 578 794 644 foemineo
820 587 854 644 et
875 578 1008 644 foeminis
1029 578 1096 643 nati
1119 599 1183 642 non
1211 576 1432 655 exeluduntur,

327 677 384 744 sed
403 685 631 765 postponuntur
656 677 689 742 in
713 678 823 743 cadem
847 676 939 753 linea,
956 677 1002 742 its
1026 684 1062 743 ut
1086 676 1180 742 etiom
1203 697 1364 765 regressus
1388 675 1433 741 ad

327 797 381 842 eas
403 777 452 854 sit,
476 778 503 842 si
527 777 689 865 propiores
712 785 767 843 aut
789 797 882 864 pares
904 784 1011 842 cetera
1032 797 1135 842 mares
1158 783 1277 841 auten
1294 775 1433 841 maribus

328 874 508 943 defecerint.
559 875 810 942 Fundamentum
822 883 927 941 autem
944 875 1037 961 hujus
1053 874 1260 951 successionis,
1278 883 1433 960 quatenus

329 974 371 1040 ab
392 974 583 1042 hereditaria
605 974 719 1052 differt,
736 983 785 1041 est
809 996 881 1062 spes
903 975 1087 1062 populorum
1112 973 1152 1039 de
1178 973 1294 1060 optima
1318 972 1433 1038 educe-

330 1072 415 1139 ticnc
431 1096 548 1152 eorum,
566 1073 620 1160 qui
641 1095 726 1160 spem
747 1073 838 1162 regni
860 1073 979 1139 habent
989 1072 1208 1160 justissimam
1235 1070 1342 1159 quoles
1358 1080 1435 1138 sunt

330 1193 462 1258 quorum
479 1183 625 1260 parentes
640 1172 667 1236 si
683 1172 825 1239 viverent
840 1181 944 1238 meent
958 1172 1135 1238 successuri.

407 1272 533 1336 XXIII.
587 1273 646 1336 Est
672 1280 705 1337 et
723 1271 785 1336 elia
806 1270 926 1336 linealis
942 1270 1091 1337 successio
1107 1269 1262 1359 agnatica,
1279 1270 1436 1337 duntaxat

331 1368 463 1434 mariunr
488 1392 528 1435 ex
552 1370 711 1448 maribus3
733 1391 803 1456 quse
825 1391 865 1435 ex
885 1368 1065 1436 nobilissimi
1080 1370 1171 1459 regni
1188 1370 1329 1456 exemplo
1344 1372 1436 1434 usuc-

333 1467 430 1534 cessio
450 1468 531 1556 juris
556 1468 700 1535 Francici
716 1467 810 1558 vulgo
827 1469 1014 1557 appellatur.
1061 1470 1141 1535 Haec
1157 1477 1309 1556 quatenns
1325 1490 1345 1534 a
1361 1490 1437 1557 cog-

378 1670 391 1696 s
406 1661 526 1710 &ccum
541 1661 609 1721 juris
625 1661 750 1722 Fracta]
780 1661 859 1710 Vetus
907 1661 1439 1722 wrmszmmsamensnssu,

333 1736 496 1784 testimoninm
506 1737 660 1798 mon'shnjus
667 1736 859 1784 Franeioihebes
908 1736 1220 1797 qrstlupudpntssmoncr.
1252 1736 1440 1796 ριὶάωιεωιι.

333 1813 398 1871 apud
409 1811 538 1873 Agathiam
549 1811 611 1858 libro
621 1823 653 1858 11.
666 1811 739 1873 (Cap.
747 1809 782 1870 7).
812 1810 859 1856 Ee·
908 1812 991 1856 tiorem
1000 1812 1170 1872 oratoremque
1179 1813 1240 1858 bunc
1248 1811 1440 1870 mansoni·

334 1887 389 1932 dem
397 1886 445 1933 tuit
455 1887 571 1933 successio
581 1886 605 1931 in
616 1886 715 1932 Doridis
721 1885 861 1945 stirpspost
908 1884 947 1930 ne
960 1884 1117 1932 moiuntur.
1138 1885 1236 1945 (Gerus.
1250 1900 1272 1931 c.
1288 1886 1340 1942 to.)
1360 1883 1440 1944 Apud

336 1961 497 2008 solomonem.
527 1960 728 2021 VidetParaIIp.
739 1960 805 2008 xxiii.
816 1961 839 2006 3.
909 1959 984 2005 Indos
1004 1961 1120 2020 quosdam
1138 1960 1202 2007 idem
1221 1960 1273 2008 heri
1296 1959 1368 2007 docet
1391 1971 1441 2004 nos

379 2043 391 2069 ⁰
405 2037 578 2096 Ubidsfics'oste
588 2037 702 2097 metica
711 2035 861 2082 mbsss'tuitur
911 2033 1019 2090 Osos-ins,
1029 2040 1054 2080 et
1063 2035 1111 2081 atii.

335 2114 449 2160 masto
465 2109 601 2173 coenatica]
639 2111 673 2158 Ut
690 2111 715 2157 in
735 2110 861 2157 Provincia
953 2117 966 2151 s
984 2109 1017 2156 Ut
1031 2111 1073 2170 put
1084 2111 1131 2156 scs
1145 2123 1236 2170 qnoque
1247 2109 1441 2169 tospoufitffl

334 2188 493 2234 Narbonensi
526 2187 589 2234 Vide
613 2187 748 2243 Senonum,
771 2185 860 2233 &roto
909 2183 1087 2246 summouisset]
1110 2186 1140 2232 ld
1154 2186 1273 2233 inAtrIcs
1287 2185 1391 2232 obtinuit
1405 2199 1442 2232 ex

339 2261 447 2317 VII-(de
468 2260 587 2306 Comitatus
607 2260 784 2322 Commr'npensi,
802 2273 858 2320 png.
911 2259 1032 2306 Gizerichi
1045 2263 1198 2307 testamento.
1227 2259 1359 2320 Procopius
1372 2257 1440 2304 Vass-

223 2317 224 2322 ’
334 2337 448 2392 enasse
479 2335 548 2380 usse.
559 2335 644 2380 Paro.
655 2335 734 2395 1627).
765 2336 803 2380 nx
817 2335 862 2381 ssu
910 2335 1043 2382 sermm
1061 2336 1155 2396 premo:
1182 2333 1273 2395 χρόνον
1297 2335 1323 2380 se
1347 2333 1442 2393 cuys-

335 2410 406 2458 crcdo
416 2410 471 2469 lege
482 2408 648 2454 Theudoricho
662 2410 712 2454 stne
726 2409 807 2455 liberte
817 2409 860 2454 de·
911 2411 1038 2471 Γιζὲριχος
1062 2410 1174 2468 ἐπιβιοὺς
1196 2409 1326 2464 ἐτελεύτα,
1348 2406 1440 2467 πόρῥο

334 2486 417 2530 Iuncto
428 2483 514 2529 sororIs
524 2483 587 2528 filios
597 2482 750 2528 Athalaricus
765 2495 860 2528 succee-
909 2503 961 2531 roo
976 2485 1020 2541 ἤδη
1036 2483 1133 2538 ἡλικίας
1147 2483 1221 2541 ἥκων,
1230 2482 1441 2538 διαθήκαςδιατι-

334 2559 374 2606 stt.
398 2557 525 2619 [Pnoool’.
543 2555 646 2605 Gentio
658 2555 686 2603 L.
697 2569 715 2602 1.
733 2570 753 2602 e.
767 2553 800 2615 2.]
816 2555 861 2603 VI·
909 2558 1103 2618 tempestate
1117 2557 1187 2606 ἄλλα
1202 2575 1234 2604 το
1247 2557 1337 2605 rothe
1350 2557 1441 2616 βανδί·

335 2635 406 2681 detur
416 2638 442 2679 et
451 2633 476 2678 in
487 2630 623 2691 Amgonia
632 2631 657 2676 Id
668 2631 724 2677 olim
735 2630 844 2678 valuisse.
908 2633 963 2680 λοις
974 2633 1116 2691 ἐπέσκηψε,
1131 2634 1174 2678 καὶ
1187 2632 1236 2688 τήν
1248 2632 1384 2691 βασιλείαν
1397 2631 1442 2677 ἀεὶ

377 2718 391 2752 t
405 2708 510 2753 Possunt
523 2711 545 2752 st
555 2706 601 2752 als's‘
614 2705 783 2752 successionum
797 2706 862 2753 modi
909 2706 1035 2766 βανδίλων
1056 2709 1090 2753 ste
1106 2706 1200 2752 τοῦτον
1220 2705 1291 2765 ἰέναι,
1309 2706 1336 2753 ὃς
1355 2704 1387 2751 ἄν
1407 2707 1442 2752 ἐκ

334 2780 466 2841 noctua]
484 2782 558 2841 Apud
578 2780 708 2840 AEthiopes
724 2780 780 2826 olim
796 2780 861 2841 regi-
910 2782 987 2843 ’γόνου
1012 2782 1113 2842 ἅρῤινοπ
1135 2784 1204 2843 αὐτῷ
1227 2781 1349 2842 Γιζερίχῳ
1370 2780 1442 2828 sonu*

333 2859 380 2905 bns
390 2856 549 2904 succedebant
558 2869 668 2902 sororum
682 2854 733 2912 filit,
747 2860 861 2901 narrante
910 2854 1138 2916 percussorium,
1153 2858 1254 2914 πρῶτος
1268 2854 1302 2901 ὃν
1315 2854 1443 2901 ἀπάντων

334 2933 435 2979 NIcoIno
443 2932 599 2977 Damascene.
609 2930 618 2989 (
622 2943 678 2990 pag.
686 2931 738 2977 518.
745 2930 861 2989 Excespt.
909 2929 963 2974 ταῖν
978 2930 1054 2975 αὐτοῦ
1069 2930 1200 2988 suppressio
1214 2928 1262 2984 ‘seir
1277 2928 1378 2983 ἡλικίαν
1391 2930 1443 2975 *rri-

334 3006 450 3063 Pee'reso.)
464 3005 534 3051 Idem
545 3006 610 3065 apud
621 3004 701 3051 Pictos
710 3008 861 3063 usnrpntnm,
910 3014 964 3062 χοι·
980 3002 1110 3062 Aliquanto
1119 3008 1175 3063 post
1184 3008 1285 3063 uapore
1296 3003 1443 3051 esurum

335 3091 476 3139 semperque
486 3078 627 3124 successisse
636 3082 753 3138 cognatos
762 3091 806 3137 per
815 3078 861 3123 tm-
909 3077 976 3133 ots's't,
985 3077 1118 3134 majam
1127 3083 1203 3135 atde,
1209 3078 1281 3138 sueto
1296 3083 1442 3134 actm,

334 3155 411 3201 miuus
425 3159 495 3201 notat
503 3153 578 3201 Beds.
609 3153 708 3201 Tacitus
718 3152 747 3200 ds
759 3152 860 3200 Gemu-
909 3166 955 3213 quo
965 3157 1013 3198 tuns
1026 3153 1102 3199 mssa
1115 3153 1168 3199 alin
1179 3158 1328 3214 proecepernt
1340 3152 1441 3201 Vanda-

336 3406 408 3462 IInes
422 3406 456 3462 of
473 3406 596 3473 desccnt,
613 3406 676 3464 that
690 3406 746 3461 will
768 3405 805 3461 be
826 3422 844 3461 a
865 3408 928 3477 sIgn
941 3404 1006 3461 that
1027 3411 1201 3479 expectansy
1219 3406 1243 3462 ts
1262 3406 1301 3479 by
1320 3404 1370 3462 the
1383 3406 1441 3461 Isse

334 3492 447 3547 viriflsd
457 3493 518 3548 into
532 3494 656 3566 sRight,
667 3510 698 3549 so
711 3492 774 3549 that
784 3492 834 3548 tho
844 3487 1002 3547 snccession
1013 3510 1107 3563 passos
1118 3492 1193 3547 from
1203 3492 1253 3547 the
1265 3491 1338 3547 dead
1349 3492 1440 3547 tothe

336 3594 483 3634 survrrors.

390 3664 458 3719 This
472 3666 495 3719 is
510 3682 528 3719 e
540 3664 667 3735 Oopootio
680 3663 765 3719 linesi
783 3666 949 3731 sucoessicn,
964 3666 994 3719 iu
1012 3664 1102 3719 which
1116 3680 1225 3719 women
1238 3664 1295 3719 and
1310 3664 1360 3719 the
1372 3680 1439 3719 sons

335 3748 368 3803 of
379 3764 486 3804 women
501 3766 550 3804 ero
564 3756 615 3805 not
626 3749 771 3815 excluded,
786 3750 902 3805 butaro
916 3750 1072 3823 postponed
1084 3752 1115 3804 in
1129 3750 1204 3805 their
1214 3766 1276 3805 own
1289 3750 1363 3815 Iins;
1385 3749 1441 3805 but

333 3837 383 3903 yet
394 3849 426 3887 so
437 3833 500 3887 thot
511 3830 592 3889 there
603 3835 627 3888 is
638 3851 657 3888 a
667 3850 774 3904 regress
788 3842 818 3889 to
829 3834 917 3901 them,
931 3836 957 3889 if
967 3835 1048 3891 there
1059 3836 1095 3891 bc
1106 3853 1125 3891 a
1135 3836 1237 3890 foilure
1248 3836 1282 3891 of
1291 3836 1439 3891 claimants

333 3934 442 3982 nearer,
457 3934 490 3971 or
502 3918 586 3987 equal
597 3919 627 3971 in
639 3918 722 3972 other
735 3919 839 3990 things,
854 3920 917 3975 who
931 3938 981 3975 arc
995 3921 1091 3986 mules,
1106 3939 1139 3977 or
1151 3922 1226 3976 from
1237 3922 1333 3977 males.

387 4002 449 4057 The
460 4002 627 4057 foundation
639 4002 672 4056 of
680 4002 736 4057 this
748 4005 917 4070 succession,
931 4006 1016 4061 sofar
1028 4024 1058 4061 es
1067 4008 1090 4062 it
1101 4008 1196 4063 differs
1210 4008 1283 4063 from
1295 4007 1345 4063 tho
1356 4006 1440 4062 here-

332 4088 432 4161 ditsry,
444 4089 467 4143 is
482 4088 532 4143 the
546 4087 620 4160 hope
633 4089 810 4143 entertained
824 4090 863 4162 by
876 4091 926 4146 the
937 4093 1039 4164 people
1050 4110 1081 4147 aa
1095 4100 1126 4149 to
1138 4093 1188 4149 tho
1201 4094 1276 4165 good
1288 4094 1441 4149 education

332 4176 366 4230 of
374 4175 456 4231 those
467 4176 528 4230 who
542 4174 614 4230 hare
631 4173 680 4229 thc
694 4175 849 4246 legitimatc
865 4175 939 4249 hope
954 4178 988 4233 of
999 4178 1048 4234 the
1065 4179 1215 4251 kingdom:
1235 4179 1291 4234 and
1305 4178 1375 4235 such
1389 4195 1441 4235 aro

332 4262 401 4334 they
411 4260 504 4318 whose
514 4268 637 4334 parents,
651 4262 677 4315 if
687 4260 755 4334 they
768 4261 825 4316 had
836 4262 919 4326 lircd,
933 4264 1024 4320 would
1038 4264 1110 4321 hauc
1124 4265 1288 4321 succceded.

386 4348 500 4404 XXIII.
539 4348 631 4404 There
652 4348 676 4404 is
696 4348 755 4403 oleo
776 4366 814 4403 an
830 4346 948 4419 Apustio
965 4351 1051 4406 lincol
1069 4351 1235 4417 sucocssiom
1257 4351 1291 4406 ot'
1306 4351 1394 4406 males
1408 4356 1441 4407 to

331 4432 418 4489 meles
441 4436 523 4507 onIy3
541 4433 639 4501 which,
662 4434 807 4507 obtaining
828 4435 856 4489 iu
876 4451 895 4490 a
914 4438 1022 4493 certcirr
1042 4435 1127 4492 noble
1145 4437 1288 4509 kingdom,
1305 4438 1329 4492 Is
1347 4437 1442 4491 celled
