3234 5125
303 288 349 352 22
597 295 693 360 QUID
717 293 886 359 BELLUM,
909 292 1005 357 QUID
1028 291 1107 348 tus
1294 284 1366 359 [Lm
1379 289 1404 343 1.

305 468 408 533 mmm
427 460 473 549 pii
490 482 530 527 ex
548 458 715 526 Gentibus:
732 467 768 525 ut
779 456 895 544 legitur
909 459 1018 526 ctitulo
1032 454 1235 523 Thalmudico
1249 451 1289 517 de
1303 452 1405 541 Rege

306 565 391 630 Talis
406 560 461 648 qui
478 568 534 637 est,
552 559 586 624 in
600 559 670 647 lege
686 558 800 625 dieitur
817 566 935 639 ἾἎιἺΖι
951 558 1050 625 Lovit
1068 556 1140 621 xxii.
1159 558 1215 632 25,
1237 563 1344 623 nmini
1362 562 1406 621 Ὃ

306 662 408 729 Levit
424 683 495 727 xxv.
512 662 566 737 47,
592 659 647 724 ubi
671 658 839 727 Chaldaeus
863 662 947 727 dixit
971 652 1124 722 “incolam
1149 654 1405 724 incircumcisum.

308 762 365 843 Hi,
391 771 428 829 ιιι
452 766 584 825 narrant
611 757 671 845 ipsi
697 758 906 826 Hebraeorum
930 755 1080 846 magistri,
1106 755 1193 844 loges
1219 757 1346 823 Adamo
1373 766 1407 823 et

307 864 388 929 Noa
409 861 500 928 datas
526 879 654 924 servare
680 859 879 938 tenebantur,
905 858 1063 926 abstinere
1091 856 1133 921 ab
1164 855 1255 921 idolis
1279 865 1313 923 ot
1336 878 1407 921 san-

308 961 414 1051 guine,
438 968 471 1027 et
486 958 553 1025 eliis
570 980 640 1044 quae
657 957 740 1024 infra
757 981 813 1026 suo
829 960 897 1025 loco
913 955 1178 1031 memorabuntur,
1202 964 1239 1022 at
1252 978 1316 1023 non
1330 956 1408 1022 item

307 1062 394 1151 leges
408 1058 552 1149 proprias
569 1056 789 1125 Israelitarum.
833 1059 947 1146 Itaque
967 1078 1036 1133 cum
1052 1053 1202 1120 Israelitis
1217 1078 1282 1121 non
1298 1054 1408 1123 liceret

308 1160 392 1227 vesci
417 1181 511 1225 cerne
527 1156 636 1223 bestia
659 1180 729 1243 quse
749 1159 816 1225 sato
842 1180 898 1224 suo
923 1156 1075 1245 periisset,
1099 1154 1275 1242 peregrinis
1301 1163 1408 1221 tamen

308 1260 391 1326 inter
405 1259 489 1347 ipsos
505 1256 683 1324 viventibus
704 1256 737 1322 id
753 1256 878 1335 licebat,
901 1258 1032 1323 Denter.
1047 1253 1110 1320 xiv.
1126 1254 1180 1318 21.
1232 1240 1407 1340 Nisi'quod

308 1360 492 1447 quibusdam
509 1356 629 1445 legibus
645 1355 821 1443 specialiter
837 1376 1018 1445 expressum
1034 1362 1092 1433 est,
1108 1360 1146 1419 ιιι
1161 1352 1272 1418 incolae
1288 1352 1326 1419 iis
1342 1352 1407 1418 ιιοιι1

308 1460 410 1525 minus
426 1480 520 1545 quam
536 1455 695 1544 indigenae
711 1454 906 1523 teneanturl.

380 1561 404 1623 4
436 1554 604 1623 Extraneis
620 1556 724 1633 etiam,
750 1557 804 1643 qui
827 1555 952 1623 aliunde
976 1550 1171 1630 advenirent,
1196 1574 1299 1640 neque
1318 1550 1406 1617 insti-

308 1657 386 1724 tutis
423 1654 588 1722 Hebraicis
622 1654 859 1742 subjicerentur,
894 1656 927 1721 in
964 1652 1080 1741 templo
1115 1651 1408 1740 Hierosolymitano

308 1756 395 1824 licuit
411 1756 516 1823 Deum
532 1754 676 1832 adorare,
703 1764 736 1821 et
749 1755 889 1821 victimas
903 1755 1025 1833 offerre,
1051 1752 1223 1819 eotiantibus
1246 1751 1404 1818 tamenin

309 1856 377 1921 loco
394 1854 544 1944 peculiari
555 1876 592 1919 ec
608 1864 752 1941 separato
769 1875 789 1919 a
809 1856 943 1922 statione
965 1851 1187 1931 Israelitarum,
1213 1853 1233 1916 1
1251 1853 1334 1939 Reg.
1353 1847 1409 1937 qui

310 1955 431 2022 Latinis
455 1958 477 2019 3
495 1954 576 2043 Reg.
594 1954 656 2020 viii.
678 1955 733 2032 41,
757 1956 778 2019 2
797 1954 899 2021 Mace.
917 1953 959 2020 iii.
975 1956 1030 2032 35,
1054 1952 1169 2018 Johau
1187 1950 1245 2017 xii.
1269 1953 1324 2033 20,
1347 1950 1410 2015 Ac-

352 2156 363 2183 e
382 2147 460 2195 ΤιίνΙο
475 2145 628 2193 Ibalmudr'cc
638 2144 748 2206 deche]
760 2146 792 2193 nt
802 2146 835 2192 ti·
882 2145 998 2193 disserit?
1017 2144 1046 2191 de
1055 2145 1087 2190 r'r'e
1096 2144 1139 2205 qai
1148 2147 1204 2191 ιοιιο
1217 2142 1310 2191 certes
1321 2141 1409 2189 adom·

308 2222 361 2267 tulo
373 2222 403 2267 de
414 2220 537 2281 synedrio,
549 2233 601 2279 cap.
612 2221 649 2265 11.
883 2225 932 2266 ιιιιιι
942 2222 1036 2280 suero:
1061 2220 1163 2265 ιιοινιιιοι
1182 2220 1244 2265 esim
1262 2218 1298 2265 ad
1318 2217 1409 2265 cruia

352 2291 486 2337 dIrrcclom
508 2289 707 2351 iactrcamcr'rum]
729 2290 769 2337 De
790 2288 835 2336 tull
882 2301 988 2355 resapere
1003 2294 1122 2355 padusia
1141 2298 1175 2340 erl
1189 2295 1276 2340 oratio.
1301 2292 1410 2340 Deinde:

308 2366 389 2426 agitur
404 2370 429 2412 et
438 2365 521 2411 Exodi
537 2366 577 2411 xii,
588 2366 626 2412 45.
655 2364 680 2412 A
689 2379 738 2425 quo
749 2366 835 2412 distin-

307 2442 391 2501 guitur
400 2442 541 2501 proselytus,
551 2440 576 2486 id
586 2444 623 2487 eet
632 2440 785 2487 oiscumoisus
792 2442 835 2487 ad-

308 2529 375 2574 vena,
391 2519 419 2562 ut
432 2516 539 2563 ostendit
553 2515 649 2562 collatio
661 2516 708 2563 loci
718 2515 790 2563 Num.
801 2516 835 2566 ix.

308 2595 347 2639 14.
376 2593 415 2638 De
434 2592 479 2652 piis
498 2593 545 2638 illis
566 2592 737 2639 incircumcisis
758 2593 836 2640 multa

308 2668 547 2715 habetblaimonidos
561 2667 623 2714 libro
638 2669 667 2714 dc
681 2667 836 2725 Idololatria,

309 2757 330 2788 ο,
351 2757 374 2790 x.
396 2743 410 2804 ἓ
428 2743 451 2791 6.
477 2744 546 2790 Idem
565 2745 590 2790 in
613 2744 784 2790 commentante
804 2744 836 2790 ad

308 2815 450 2876 Mirnoy'oth,
466 2823 491 2864 et
510 2819 568 2865 alibi
584 2833 655 2880 rape,
670 2819 722 2879 plor
737 2819 792 2866 illos
807 2834 838 2867 ex

309 2893 422 2951 gentibus
432 2894 561 2955 partitipeo
570 2895 605 2940 ait
614 2896 709 2941 futuros
718 2895 837 2944 bonerum

308 2968 385 3015 futuri
394 2970 482 3020 saeculi
509 2971 692 3030 chrysostomus
702 2969 733 3015 cd
746 2969 837 3016 Rome·

310 3053 355 3086 nos
377 3056 429 3102 cap.
446 3047 474 3089 2:
505 3050 579 3090 ποῖον
593 3044 715 3090 Ἰουδαῖον
729 3045 838 3092 ἐνταῦθα’

311 3117 423 3173 φησιν,ιῖ
437 3118 495 3178 περὶ
512 3119 591 3165 ποιων
606 3118 738 3172 Ἑλλήνων
753 3120 838 3166 διολέ-

311 3205 387 3248 γοτοι
399 3207 406 3248 ;
419 3193 471 3236 τῶν
481 3192 532 3252 πρὸ
546 3194 592 3246 τῆς
605 3193 652 3238 τοῦ
663 3195 777 3251 Χριστοῦ
786 3211 839 3240 πα-

310 3265 420 3328 ρουσίας.
437 3267 507 3312 οὕτω
522 3265 573 3327 γάρ
590 3267 624 3313 cla
638 3268 696 3313 rods
706 3269 752 3322 vir
764 3267 837 3328 χάρι-

878 2369 1008 2424 'Billienus
1026 2369 1051 2415 dl
1072 2368 1179 2415 Inatos
1200 2374 1289 2428 φησιν,
1304 2370 1332 2415 ob
1351 2368 1412 2413 roris

882 2444 1137 2502 ειδιολολοτροῦνταο,
1156 2442 1226 2489 ἄλλο’
1245 2444 1305 2490 τοὺς
1326 2442 1410 2489 θεοσε-

881 2519 998 2578 βοῦντοο,
1012 2518 1071 2564 τοὺς
1084 2518 1125 2578 τῷ
1138 2517 1238 2578 φυσικῷ
1252 2516 1412 2577 πειθομένους

883 2593 964 2653 λόγῳ,
982 2593 1042 2639 roba
1057 2592 1127 2647 πλιίν
1141 2593 1193 2637 τῶν
1203 2591 1345 2638 Ἰουδαϊκῶν
1358 2608 1410 2638 τα-

882 2665 1141 2728 ρατηριίσεωνπιίντα
1156 2665 1191 2711 ‘rc'
1205 2672 1269 2726 πρὸς
1283 2665 1412 2724 stoicem

884 2741 1055 2789 συντελοῦντα
1078 2741 1266 2800 daemoniosae.
1321 2740 1411 2786 Exem-

883 2817 1021 2878 plaqnedat
1029 2817 1055 2862 In
1065 2815 1249 2873 MelchIsodeco,
1258 2815 1331 2871 Iobo,
1340 2814 1411 2860 Nim-

884 2893 948 2951 vitm
959 2893 1080 2944 Cornelio,
1090 2905 1161 2939 mox:
1172 2890 1283 2946 Ἐλλήνο
1293 2890 1319 2936 δὲ
1328 2888 1412 2936 πάλιν

886 2973 914 3018 od
919 2970 966 3017 τὸν
973 2965 1167 3027 οιδωλολᾶτρην,
1172 2965 1242 3013 ἄλλο’
1250 2967 1297 3012 τὸν
1305 2963 1412 3022 θεοσεβῆ

886 3047 928 3092 και
938 3044 1056 3104 ἐνάρετον
1066 3042 1107 3089 καὶ
1119 3043 1172 3088 τοῖν
1181 3042 1286 3100 νομικῶν
1294 3054 1410 3096 παρατη-

884 3120 982 3179 ριὶσοιον
997 3116 1196 3177 ἀπηλλογμόνον
1212 3116 1289 3175 φησί·
1316 3114 1412 3162 Grecos

885 3196 925 3241 lsr'c
938 3194 1005 3251 dicit,
1017 3209 1063 3239 non
1075 3193 1191 3238 idolorum
1207 3192 1314 3245 cultores,
1331 3191 1374 3237 ned
1386 3190 1413 3236 r're

886 3269 1035 3328 cmpos,
1045 3267 1154 3312 marala·
1163 3267 1414 3327 montetum,

311 3355 373 3385 στοι
381 3338 478 3400 ἔφθασε
486 3340 706 3402 χρόνουςὸλόγοι·
717 3343 838 3402 qroeerr·
886 3341 1132 3407 qaipraeterlodcioa
1141 3341 1257 3399 tuem,
1267 3351 1352 3389 cancta
1361 3357 1412 3402 qrcoe

311 3413 385 3459 ἀοιοιι
404 3415 443 3461 hle
460 3415 558 3473 indicat,
571 3420 593 3462 el
606 3415 635 3462 de
649 3415 734 3476 quidus
748 3417 839 3464 Gracia
886 3412 1284 3477 adplelutemsaoercntrcroohaat.
1299 3413 1413 3461 Ecera.

310 3655 360 3712 the
376 3657 431 3711 Old
445 3659 608 3712 Testement
623 3655 682 3725 [see
698 3659 746 3714 the
760 3659 941 3728 references]
960 3662 1060 3729 These,
1074 3681 1105 3719 ae
1119 3662 1168 3719 the
1178 3663 1282 3720 lewich
1297 3665 1411 3721 doctore

311 3740 402 3804 teacb,
420 3759 493 3796 were
508 3742 603 3797 bound
618 3749 648 3796 to
664 3744 736 3815 obey
750 3745 800 3800 the
816 3745 881 3800 lawe
898 3747 982 3818 giren
995 3754 1026 3803 to
1041 3749 1133 3803 Adam
1149 3749 1207 3802 and
1224 3755 1254 3803 ιο
1268 3749 1363 3814 Noah,
1379 3756 1411 3805 to

311 3826 421 3880 abstain
436 3827 510 3881 from
525 3827 595 3882 idols
610 3829 666 3881 end
681 3829 756 3883 from
771 3831 865 3897 blood,
878 3831 935 3885 and
949 3849 1027 3889 some
1041 3835 1123 3889 other
1137 3840 1272 3898 matters3
1293 3832 1345 3888 but
1359 3840 1411 3888 not

310 3918 341 3967 ιο
357 3911 472 3966 observo
487 3910 536 3966 the
550 3913 677 3985 peculiar
690 3914 795 3970 Jewish
809 3917 892 3972 lawe:
908 3924 1009 3990 except
1022 3919 1086 3975 that
1099 3936 1177 3975 some
1191 3919 1257 3974 lawe
1269 3919 1412 3990 expressly

311 3997 401 4051 direct
414 3997 478 4052 that
492 4007 543 4053 ιιοι
557 4000 624 4070 only
634 3999 684 4054 the
697 4000 767 4066 lew,
787 4001 840 4057 but
854 4003 903 4058 the
917 4009 1045 4076 stranger
1055 4006 1152 4060 withIn
1165 4005 1210 4059 his
1231 4009 1296 4077 gete
1309 4004 1412 4060 should

311 4082 347 4138 be
362 4081 458 4137 bound
472 4083 510 4155 by
522 4084 615 4140 them:
632 4083 674 4152 [as
686 4085 735 4141 the
747 4088 799 4142 law
818 4089 852 4144 or*
860 4089 909 4145 the
921 4089 1064 4146 habbath:
1080 4090 1169 4145 Exod.
1182 4108 1227 4145 xx.
1243 4087 1297 4158 10].

369 4176 387 4223 4
415 4169 444 4224 It
458 4186 512 4224 was
530 4171 589 4225 also
604 4173 756 4242 permitted
772 4179 802 4228 to
821 4180 961 4246 strangers
979 4183 1009 4231 to
1024 4177 1144 4248 worshIp
1161 4177 1217 4232 and
1236 4182 1267 4231 ιο
1287 4177 1413 4232 sacrifice

311 4255 342 4310 iu
363 4255 413 4310 the
435 4255 557 4327 temple;
579 4257 630 4312 but
651 4258 782 4331 standIng
796 4261 826 4314 iu
843 4277 862 4315 a
878 4261 1003 4332 peculim
1022 4263 1112 4336 place,
1125 4269 1255 4336 separate
1269 4262 1345 4318 from
1362 4262 1412 4318 the

312 4341 392 4415 piace
407 4343 440 4396 of
450 4341 500 4398 the
514 4342 664 4400 Israelites.

371 4429 432 4484 Tho
452 4430 586 4502 prophete
602 4429 735 4506 speaking
747 4437 777 4488 ιο
791 4438 948 4506 strangers3
962 4433 1059 4492 dilsha
1072 4438 1103 4494 ιο
1117 4435 1256 4508 Naaman,
1269 4431 1365 4493 Jonah
1381 4438 1412 4492 ιο
