3234 5125
168 383 238 440 Gan.
250 381 301 453 V.]
452 383 564 440 mltis
584 385 629 440 IN
649 384 859 452 PERSONAS‚
879 385 962 442 ΕΤΟ.
1203 375 1267 438 315

167 557 220 616 tns
238 556 382 615 auctores
401 569 472 613 cum
494 570 552 614 sna
573 549 688 626 sobole,
713 559 769 616 aut
785 549 818 615 in
834 573 868 616 se
890 550 974 638 ipsis,
993 543 1061 617 'nal
1086 550 1180 618 etiam
1205 571 1264 637 per

169 669 317 736 personas
332 647 484 736 sanguino
495 657 551 714 aot
566 649 697 735 nuptiali
711 649 870 738 sanguinis
886 651 1104 718 commixtione
1119 649 1264 736 proxime

170 749 361 814 coherentes
377 746 519 813 misceri:
542 747 674 814 alteram
691 769 777 826 raro,
796 771 837 814 nc
851 751 1045 836 quarundam
1061 771 1266 838 peractarum

170 847 328 914 convietus
343 845 435 911 nimis
450 845 647 932 quotidianus
662 855 757 933 atque
769 847 985 915 inobservatus
999 848 1115 936 stupris
1132 857 1165 915 et
1179 848 1268 915 adnl-

167 946 255 1014 teriis
279 945 470 1012 occasionem
497 945 598 1022 daret,
625 945 652 1010 si
675 967 797 1012 amores
819 948 898 1014 talea
913 948 1030 1035 nuptiis
1054 956 1179 1035 possent
1195 968 1266 1013 con-

170 1043 328 1135 glutinari.
380 1047 467 1124 Quas
492 1045 570 1111 does
593 1065 702 1111 causas
724 1045 750 1112 ai
773 1067 843 1112 cum
865 1047 983 1133 judicio
1006 1055 1116 1136 aptare
1137 1046 1268 1113 velimus

169 1145 233 1210 illis
246 1165 325 1232 quas
346 1144 412 1211 dixi
428 1143 541 1210 divinis
561 1144 596 1209 in
613 1144 753 1211 Levitico
779 1145 910 1235 legibus,
936 1145 1027 1213 facile
1045 1145 1212 1235 apparebit
1233 1145 1267 1211 in

172 1243 323 1323 affinibus,
339 1243 393 1331 qui
409 1241 443 1309 in
456 1252 545 1311 recto
561 1252 635 1309 sont
659 1244 757 1311 limite
774 1245 826 1329 (ut
841 1246 882 1311 de
904 1246 1086 1334 parentibus
1106 1253 1141 1311 et
1161 1245 1268 1311 liberis

171 1342 248 1409 nihil
264 1343 330 1431 jam
347 1343 457 1420 dicam
473 1342 589 1430 quippe
602 1365 690 1429 quos,
707 1353 744 1410 nt
758 1345 909 1426 existimo,
926 1345 1019 1412 etiam
1036 1345 1103 1412 sine
1120 1365 1269 1433 expressa

176 1442 248 1531 lego
261 1443 344 1508 ratio
356 1442 508 1508 naturalis
517 1442 609 1532 jungi
623 1443 699 1508 satis
712 1447 816 1530 aetat)
830 1448 846 1490 ⁸
850 1443 924 1510 item
941 1445 974 1510 in
990 1445 1149 1534 sangoinis
1165 1443 1268 1534 gradu

173 1549 423 1607 maranorum
434 1541 545 1628 primo,
558 1541 613 1627 qui
626 1543 667 1606 ob
680 1551 783 1607 ortum
800 1563 821 1609 a
838 1543 936 1631 stirpe
952 1544 1105 1610 communi
1116 1543 1268 1610 secundus

174 1639 234 1706 dici
255 1639 342 1718 solet,
368 1641 409 1706 ob
432 1648 591 1706 recentem
609 1641 775 1706 mnndum
792 1649 958 1729 parentum
974 1643 1006 1708 in
1031 1643 1137 1710 liberis
1159 1642 1269 1731 imagi-

173 1760 255 1817 nem,
272 1739 408 1827 priorem
423 1759 546 1805 causam
562 1739 679 1817 ralere,
699 1749 737 1805 nt
752 1741 928 1809 venientem
946 1743 986 1808 de
1002 1765 1040 1808 oo
1057 1743 1141 1828 qnod
1156 1751 1270 1809 natura

174 1839 203 1905 ai
218 1859 281 1905 non
301 1838 453 1926 praecipit,
478 1847 564 1904 certe
586 1838 746 1904 honestius
765 1840 882 1920 dictat3
907 1839 996 1928 cojns
1021 1841 1145 1930 generis
1172 1839 1271 1906 molta

174 1937 337 2004 materiam
354 1938 529 2004 divinarum
545 1939 813 2025 humanarumque
829 1941 935 2029 legum
949 1940 1074 2006 faciunt.

246 2039 269 2102 4
303 2038 408 2125 htqnc
423 2037 495 2104 ideo
512 2037 642 2102 Hebraei
662 2037 695 2102 io
718 2048 805 2105 recto
825 2039 933 2118 limite,
959 2039 1077 2127 gradus
1097 2038 1191 2105 ctiam
1208 2057 1272 2104 non

175 2135 350 2203 nominatos
365 2158 388 2223 a
406 2137 478 2226 lege
494 2136 604 2202 rolant
620 2137 851 2223 comprehendi,
871 2140 913 2205 ob
934 2139 1124 2205 notissimam
1143 2137 1272 2204 rationis

174 2235 354 2323 paritatem.
414 2237 551 2302 latonam
576 2243 685 2301 antem·
708 2238 863 2325 gradum
889 2239 956 2304 haec
981 2245 1055 2304 sont
1080 2238 1164 2325 apud
1189 2237 1273 2325 ipsos

86 2322 99 2342 ‘
174 2334 318 2402 nomina:
344 2336 450 2401 Mater
465 2334 573 2400 matris
587 2355 674 2401 suae:
700 2345 803 2402 mater
819 2337 918 2424 patris
939 2337 1048 2404 matria
1063 2359 1148 2403 suar:
1172 2345 1274 2402 mater

174 2433 274 2522 patris
295 2433 366 2502 seir
391 2442 494 2502 mater
518 2435 619 2522 patris
645 2435 745 2522 patris
765 2437 832 2503 suit
856 2459 937 2503 uxor
959 2435 1061 2524 patris
1085 2435 1272 2523 patrissui:

175 2552 258 2600 uxor
279 2531 379 2622 patris
393 2533 504 2601 matris
524 2555 609 2602 snm:
634 2555 733 2600 noros
757 2536 811 2602 filii
836 2536 903 2604 sni:
930 2559 1028 2604 nurus
1050 2535 1105 2602 lilii
1129 2535 1185 2602 filii
1207 2535 1276 2603 sni:

174 2689 220 2752 ter]
235 2690 320 2741 Philor
336 2692 438 2754 ἀδελφαὶ
453 2694 479 2740 «il
494 2695 516 2738 el
530 2693 571 2739 sal
588 2694 701 2753 διαίρετα
750 2697 842 2745 sibene
852 2700 1008 2760 expendatur,
1023 2699 1083 2745 nihil
1095 2700 1126 2749 ad
1138 2712 1189 2747 ren
1198 2699 1278 2747 iacere

174 2766 211 2815 ‘rc'
219 2768 281 2828 μέρη
292 2767 439 2830 γεγόνασιν,
452 2768 512 2815 ἀλλ’
528 2770 571 2815 οὖν
582 2769 703 2830 ἅρμοζον·
752 2774 951 2833 deprehcndatnr.
981 2774 1008 2822 J.
1018 2775 1064 2835 Β.]

173 2862 219 2893 ται
226 2848 262 2905 τῇ
268 2848 346 2905 φύσει
355 2848 396 2893 eccl
404 2848 541 2907 συγγενείᾳ
549 2848 604 2906 μιᾷ·
619 2847 702 2905 Quaa-
797 2855 810 2891 t
824 2848 883 2895 Item
894 2849 920 2893 in
931 2848 1054 2909 emptitiis
1068 2847 1147 2911 prades
1158 2852 1278 2895 me-

175 2930 247 2982 prrcra
267 2922 328 2967 caiae
342 2920 423 2967 dirim
437 2925 490 2967 aaa
505 2926 597 2980 parta,
605 2920 702 2981 staler-
752 2935 832 2969 aarum
845 2922 936 2983 primo]
961 2922 996 2968 Ec
1017 2924 1065 2969 bno
1081 2936 1158 2985 usqne
1178 2925 1279 2985 propin-

175 2994 316 3053 nitntirjss
338 2996 446 3051 ntimt,
465 3008 495 3040 ac
511 2995 657 3054 captatione,
677 2998 704 3041 ot
753 2998 807 3056 qnia
829 2997 919 3055 nuptiis
939 2996 1092 3044 abstinebant
1114 3002 1140 3045 et
1162 2998 1276 3057 Pernani,

176 3068 539 3129 malitiositatem·
561 3066 652 3128 [Locus
666 3072 704 3115 est
751 3082 778 3123 et
790 3074 917 3122 Maziceni.
932 3072 1006 3135 [Vide
1019 3072 1108 3121 Joann.
1123 3072 1188 3121 Latii
1201 3074 1276 3121 Iliae.

177 3144 218 3191 De
233 3142 421 3204 naaman.
432 3142 544 3205 res-⁷⁸⁰
556 3154 582 3189 ε·
597 3143 704 3204 sceqer,
754 3167 807 3202 rar.
824 3152 885 3211 cap.
900 3152 938 3199 1r.
951 3149 1002 3197 aaa
1032 3146 1116 3211 aa]

178 3372 296 3430 persam
309 3355 411 3412 should
425 3357 488 3428 gire
502 3356 631 3413 occasion
645 3361 676 3410 tc
690 3354 786 3411 actual
800 3352 896 3416 anion,
915 3351 941 3405 if
958 3349 1027 3405 anch
1042 3350 1130 3405 union
1144 3348 1227 3406 could
1241 3349 1278 3405 be

179 3442 333 3499 confirmed
352 3442 391 3514 by
404 3444 551 3514 marriage.
588 3441 690 3496 Which
702 3447 757 3496 two
771 3454 868 3494 cauam
880 3436 906 3491 it
915 3454 957 3492 we
967 3435 1137 3515 judicionsly
1147 3436 1233 3507 apply
1246 3442 1277 3491 to

179 3526 230 3586 the
244 3530 310 3583 larrs
320 3528 402 3600 giren
414 3530 444 3582 in
455 3527 604 3594 beriticus,
615 3529 639 3582 it
649 3526 705 3581 vill
719 3522 806 3596 easily
818 3538 923 3595 appear
933 3521 996 3577 that
1010 3522 1040 3576 in
1053 3522 1103 3575 the
1114 3522 1176 3577 first
1187 3530 1278 3575 trans·

179 3630 258 3671 verse
273 3616 376 3686 degree
389 3615 423 3669 of
433 3614 528 3679 blood,
538 3611 681 3681 (brothers
698 3612 755 3667 and
767 3604 887 3675 nistera)
903 3624 941 3663 on
961 3613 1081 3663 comunt
1097 3608 1131 3662 of
1147 3606 1197 3662 the
1211 3620 1279 3679 very

179 3706 277 3757 recent
290 3702 383 3772 image
395 3700 431 3756 oi
446 3700 497 3756 the
511 3706 626 3773 parents
639 3700 670 3754 in
683 3699 733 3754 tho
747 3696 882 3761 children,
896 3694 946 3750 the
962 3694 1024 3749 llrat
1037 3710 1120 3749 canae
1137 3692 1228 3759 holds,
1247 3709 1279 3748 as

179 3787 350 3860 proceeding
360 3788 435 3843 from
446 3786 510 3842 that
520 3786 621 3851 which,
635 3786 772 3839 lfactare
783 3783 850 3838 does
865 3787 916 3836 not
930 3780 1086 3846 command,
1100 3786 1131 3835 at
1144 3780 1215 3836 least
1228 3778 1280 3835 she

180 3874 274 3944 points
287 3881 340 3928 ont
353 3890 384 3929 as
398 3887 478 3928 mora
490 3872 653 3943 becoming:
672 3886 704 3926 as
720 3870 801 3925 thera
823 3884 871 3924 ara
888 3884 972 3940 many
986 3866 1056 3922 such
1073 3866 1175 3939 things,
1188 3862 1280 3921 which

180 3958 264 4013 maha
274 3958 325 4013 the
339 3964 442 4014 matter
456 3959 490 4014 of
498 3960 591 4013 (lirino
604 3957 661 4012 and
675 3957 782 4012 haman
795 3956 870 4011 lawa.

234 4048 253 4096 4
274 4043 372 4098 Hence
385 4045 434 4099 the
451 4043 588 4099 Hebrews
601 4060 651 4116 say
663 4044 728 4098 that
740 4043 772 4097 in
785 4042 836 4097 the
847 4042 937 4097 direct
949 4040 1007 4096 line
1026 4040 1076 4095 the
1094 4040 1211 4112 degrees
1229 4042 1281 4094 not

182 4127 286 4181 mmcd
306 4128 335 4181 in
353 4128 403 4183 the
423 4128 477 4183 law
497 4146 546 4184 are
564 4128 799 4201 comprehended,
820 4128 894 4182 from
916 4126 1118 4181 themanitae
1139 4128 1232 4197 parlty
1250 4124 1284 4179 oi

182 4228 292 4268 mon.
329 4212 421 4267 'l'hese
435 4214 551 4285 degrees
564 4215 706 4285 thoythus
719 4214 840 4269 rachena
855 4211 988 4267 mother's
1002 4210 1130 4275 mother3
1147 4210 1281 4264 mothcr's

182 4297 299 4352 father's
312 4296 439 4363 mother;
460 4299 575 4354 fathers
593 4300 722 4364 mother;
747 4298 863 4354 father'e
881 4296 997 4352 father's
1017 4296 1143 4360 mother3
1164 4287 1281 4349 father's

183 4382 299 4438 fathers
310 4382 390 4448 wiser
420 4384 553 4439 mother's
574 4384 691 4441 father-'s
707 4384 789 4448 wiser
819 4382 892 4439 eon's
913 4380 1179 4453 daughter-indam
1208 4378 1283 4433 son's

182 4468 256 4526 son's
276 4468 538 4540 daughter-in-larrr
559 4471 720 4543 daughters
742 4468 1006 4541 daughter-indam
1028 4460 1104 4521 aon's
1121 4463 1283 4538 daughters

182 4554 339 4628 daughters
371 4554 444 4611 aon’s
469 4556 543 4613 son'e
570 4557 723 4630 denghterr
751 4554 912 4627 denghter's
938 4552 1099 4625 daughters
1124 4551 1283 4624 daughters
