3234 5125
835 357 876 397 XX

282 512 456 579 diversum
488 512 507 577 a
534 516 571 580 te
598 512 850 581 sentientibus:
875 514 900 580 J
903 534 1002 578 usros
1029 513 1200 598 simulque
1229 512 1437 591 misericors,

282 649 362 694 cunr
385 649 567 713 oppressos
592 628 748 715 populos,
770 628 917 695 afflictos
941 629 1123 714 Principes
1145 634 1208 695 tua
1225 629 1437 695 auctoritaie

281 742 427 821 relevas,
453 767 519 811 nec
544 745 694 812 fortunae
720 744 865 810 nimium
891 744 997 811 licerc
1024 744 1209 830 permittis.
1262 745 1348 823 Quae
1374 750 1437 810 tua

282 858 465 943 singularis
482 859 722 937 beneficentia,
741 865 779 927 ct
800 860 838 925 in
860 865 998 927 tantum
1018 861 1099 927 Deo
1119 859 1250 936 similis,
1268 865 1436 944 quantum

282 972 434 1040 bumana
461 980 586 1041 natura
609 975 752 1061 patitur,
774 996 832 1041 me
857 974 1113 1061 cogiturnec
1135 996 1275 1059 quoque
1297 974 1437 1059 publica

282 1087 492 1157 allocutione
519 1090 650 1175 gratias
675 1090 741 1156 tibi
770 1112 836 1175 pro
861 1111 919 1156 me
945 1089 1106 1175 privatim
1132 1089 1290 1156 habeam.
1341 1089 1437 1155 Nam

283 1204 576 1289 quemadmodum
600 1204 752 1271 coelestia
777 1205 892 1271 sidera
916 1226 987 1270 non
1007 1210 1145 1270 tantum
1162 1205 1298 1289 magnis
1314 1205 1436 1269 mundi

282 1320 438 1406 partibus
461 1342 499 1387 se
522 1321 720 1397 infundunt,
738 1321 802 1387 sed
824 1320 871 1386 ad
892 1318 1028 1405 singula
1044 1320 1235 1387 animantia
1250 1320 1320 1385 rim
1337 1341 1435 1386 suam

281 1436 461 1521 patiuntur
495 1437 729 1514 descendere;
763 1437 815 1503 ita
848 1437 913 1514 Tu,
945 1436 982 1502 in
1015 1437 1119 1503 terris
1150 1436 1436 1523 benignissimum

282 1553 387 1631 sidus,
405 1574 475 1619 non
503 1558 689 1619 contentus
710 1552 847 1639 erigere
870 1551 1061 1638 Principes,
1082 1552 1262 1619 sublevare
1278 1553 1434 1639 populos,

282 1669 367 1734 mihi
392 1690 530 1756 quoque
553 1668 590 1734 in
613 1669 728 1755 patria
752 1668 843 1734 male
867 1667 989 1733 habito
1014 1674 1052 1734 et
1076 1667 1272 1753 presidium
1297 1668 1435 1735 voluisti

282 1807 358 1853 esse
382 1792 420 1853 et
444 1785 616 1852 solatium.
666 1784 821 1850 Accedit
843 1782 1121 1869 adimplendum
1142 1783 1435 1851 Justitioeorbcm

281 1910 363 1991 post
386 1904 543 1969 actiones
569 1900 724 1987 publicas
746 1899 853 1966 etiam
876 1900 1017 1985 private
1041 1899 1121 1964 vitae
1144 1904 1213 1965 tua
1235 1900 1436 1967 innocentia

282 2028 321 2087 et
352 2020 495 2107 puritas,
531 2017 646 2103 digna,
682 2038 786 2100 quam
820 2036 891 2081 non
928 2014 1087 2080 homines
1116 2019 1264 2092 tantum,
1300 2015 1363 2081 sed
1396 2020 1435 2082 et

281 2135 431 2203 aetheriae
449 2138 584 2199 mentes
601 2130 826 2196 admirentur.
867 2129 961 2195 Nam
978 2130 1253 2214 quotusquisque
1269 2130 1314 2197 de
1331 2130 1435 2217 plebe

281 2252 407 2332 infima,
425 2249 496 2313 imo
514 2246 559 2313 dc
582 2246 665 2332 ipsis
681 2245 760 2327 illis,
779 2245 839 2329 qui
855 2267 877 2311 a
893 2245 1014 2311 mundi
1031 2247 1207 2313 consortio
1224 2268 1262 2313 ee
1279 2247 1435 2315 abscide-

281 2371 373 2441 runt,
391 2364 442 2429 ita
459 2384 496 2429 se
513 2362 558 2427 ab
576 2361 736 2428 omnibus
757 2361 867 2446 culpis
886 2361 1076 2429 immunem
1096 2368 1247 2447 prestat,
1264 2368 1306 2430 ut
1325 2364 1381 2430 Tu
1397 2364 1436 2431 in

282 2481 474 2570 sepositus
501 2480 652 2555 fortuna,
676 2500 754 2563 quse
777 2478 968 2544 innumeris
990 2478 1160 2565 peccandi
1184 2478 1357 2546 illecebris
1373 2502 1435 2545 un-

281 2601 387 2684 dique
413 2595 620 2664 obsidetur?
673 2595 851 2673 Quantum
874 2615 956 2660 vero
979 2594 1047 2661 hoc
1072 2599 1136 2671 est,
1163 2595 1256 2662 inter
1280 2598 1434 2682 negotia,

280 2717 317 2782 in
334 2714 446 2791 turba,
460 2713 497 2778 in
511 2711 600 2792 aula,
616 2711 708 2776 inter
723 2714 781 2775 tot
797 2715 871 2774 tam
887 2708 1023 2776 diversa
1038 2711 1259 2795 peccantium
1274 2713 1435 2798 exempla

280 2831 318 2898 id
335 2827 511 2913 consequi,
534 2825 628 2911 quod
650 2824 726 2892 aliis
750 2824 902 2892 solitudo
924 2825 993 2902 vix,
1019 2847 1109 2911 saepe
1132 2846 1178 2893 ne
1198 2826 1258 2893 vix
1280 2827 1433 2912 quidem,

279 2944 452 3036 praestat?
503 2943 584 3010 Hoc
607 2963 690 3009 vero
713 2947 769 3008 est
791 2964 862 3008 non
886 2941 982 3009 Justi
1002 2948 1151 3020 tantum,
1170 2943 1233 3009 sed
1255 2949 1294 3010 et
1315 2945 1433 3012 Sancti

280 3084 409 3131 nomen
426 3059 462 3124 in
479 3059 545 3124 hac
562 3059 637 3143 ipsa
653 3059 727 3124 vita
748 3057 885 3136 mereri,
904 3059 1000 3143 quod
1015 3059 1203 3144 majoribus
1219 3061 1289 3128 tuis
1307 3062 1433 3129 Carolo

279 3180 412 3263 Magno
429 3178 467 3241 et
484 3171 664 3239 Ludovico
682 3172 819 3259 piorum
836 3194 1024 3240 consensus
1039 3179 1121 3260 post
1137 3175 1272 3242 obitum
1288 3177 1434 3245 tribuit!

279 3296 347 3363 hoc
365 3297 513 3360 estesse
530 3311 600 3356 non
615 3287 789 3374 gentilitio
807 3288 871 3354 sed
888 3310 952 3355 suo
968 3289 1109 3375 proprio
1119 3290 1201 3374 jure
1216 3291 1434 3360 Christianis
1521 3343 1524 3350 .

279 3411 414 3478 simum.
462 3405 533 3473 Sed
558 3404 709 3472 Justitiae
735 3425 815 3470 cum
840 3424 920 3490 pars
945 3405 1039 3471 nulla
1064 3411 1142 3472 ate
1163 3406 1277 3475 aliena
1298 3409 1353 3487 sit,
1374 3410 1434 3476 illa

279 3533 408 3600 tamen,
433 3543 508 3606 quae
534 3519 627 3586 circa
645 3518 726 3584 libri
747 3519 850 3604 hujus
875 3521 1067 3599 materiam,
1088 3520 1126 3586 id
1151 3528 1215 3600 est,
1233 3525 1327 3590 circa
1351 3525 1435 3592 belli

280 3641 443 3729 pacisque
468 3635 612 3700 consilia
636 3639 803 3710 versatur,
823 3655 866 3699 eo
882 3636 1022 3721 proprie
1040 3642 1102 3702 tua
1120 3643 1184 3715 est,
1203 3661 1272 3723 quo
1289 3640 1366 3707 Rex
1383 3663 1432 3719 es,

278 3762 316 3824 et
344 3751 486 3837 quidem
512 3749 591 3814 Rex
621 3747 844 3813 Francorum.
895 3749 1026 3832 Ingens
1051 3750 1118 3816 hoc
1144 3772 1291 3837 regnum
1321 3760 1432 3834 tuum,

280 3868 375 3955 quod
391 3886 456 3952 per
479 3868 579 3928 tanta
603 3868 677 3927 tam
699 3861 854 3928 felicium
873 3868 1045 3930 terrarum
1062 3866 1176 3949 spatia
1192 3867 1228 3931 in
1245 3873 1432 3952 utrumque

279 4004 375 4049 mare
397 3977 591 4065 procurrit;
618 3976 681 4042 sed
705 3976 816 4059 majus
841 3976 909 4044 boc
931 3999 1042 4063 regno
1068 4000 1214 4063 regnum
1241 3985 1305 4056 est,
1337 3981 1433 4063 quod

279 4118 389 4183 regna
407 4093 522 4160 aliena
546 4113 617 4157 non
643 4091 869 4175 concupiscis.
920 4092 1078 4177 Dignum
1102 4093 1170 4159 hoc
1197 4099 1259 4160 tua
1287 4094 1430 4180 pietate,

279 4213 423 4298 dignum
446 4209 515 4274 isto
537 4206 689 4291 fastigio,
713 4227 784 4272 non
806 4208 1009 4292 cqjusquam
1028 4209 1087 4292 jus
1112 4208 1217 4274 armis
1243 4216 1432 4289 attentare,

279 4350 349 4395 non
366 4331 503 4393 veteres
525 4321 668 4387 turbare
689 4321 794 4398 fines;
821 4322 886 4387 sed
907 4323 943 4387 in
963 4321 1055 4388 bello
1071 4321 1166 4409 pacis
1182 4345 1308 4408 gerere
1325 4347 1434 4412 nego

278 4445 376 4519 tium,
402 4462 468 4508 nec
488 4439 642 4524 incipere
664 4437 729 4502 nisi
750 4436 819 4502 hoc
840 4443 934 4514 voto,
951 4444 993 4504 ut
1013 4439 1267 4524 quamprimum
1282 4441 1431 4509 desinas.
