3234 5125
347 282 391 346 84
538 286 592 343 Art
613 286 788 343 sehusun
811 288 981 354 UNQUAM
1001 288 1157 345 «IUSTUM
1178 288 1247 344 SIT.
1335 284 1445 354 [unct

277 444 278 447 Ἴ
348 448 476 535 diaeum
496 444 756 546 προσδεχέσθωι
782 453 875 517 mileo
894 453 1090 537 baptismum
1101 451 1275 536 postulone
1291 450 1448 513 domatio

347 554 390 618 ab
415 554 549 637 injuriis
575 565 605 618 et
626 553 850 618 uacationibus
877 552 1058 616 abstinere:
1094 562 1258 615 contemtus
1279 570 1344 613 osse
1377 550 1448 612 tuis

199 688 212 717 ι
263 704 268 715 .
347 654 529 737 stipendiis.
571 654 611 717 st
624 654 677 716 bis
688 663 821 737 puroet,
839 652 1034 716 admittitor.
1082 649 1293 715 Tertullianus
1312 645 1345 710 in
1362 648 1448 733 Apo-

350 754 481 835 loyetico
494 773 534 816 ex
546 772 679 837 persona
692 752 820 835 loquens
831 749 1096 826 Christianorum
1114 752 1320 834 rmoiyumue,
1337 746 1446 832 inquit,

228 906 232 917 .
266 905 271 917 .
348 862 379 917 et
400 874 456 917 noe
478 852 649 925 vobiscum,
669 862 698 915 et
718 851 911 915 militamus.
946 848 1044 914 Paulo
1060 858 1134 913 ante
1157 848 1298 913 dixerat:
1324 847 1448 912 aeterni

347 974 458 1017 eumue
478 963 630 1017 etoestro
645 951 756 1015 omnia
772 951 985 1034 implevimus,
1008 950 1111 1027 urbes,
1137 948 1276 1022 insulae,
1302 947 1446 1021 catatu,

221 1097 233 1133 ¹·
348 1052 540 1136 municipia,
558 1050 786 1125 conciliabulo,
805 1061 918 1113 costra
934 1051 1022 1133 ipso.
1070 1046 1189 1112 Eodem
1205 1046 1284 1111 libro
1300 1065 1448 1110 namarc-

349 1157 401 1216 rat
416 1152 480 1215 ιιΜ.
491 1148 618 1214 Aurelio
629 1148 815 1235 Imperatori
821 1147 1066 1213 Christianorum
1076 1146 1208 1212 militum
1219 1142 1448 1231 precationibus

254 1297 259 1310 .
348 1248 479 1315 imbrem
505 1248 713 1335 impetratum.
760 1248 799 1311 ln
826 1250 956 1313 Cormm
977 1245 1105 1311 militem
1120 1244 1207 1310 illum
1225 1242 1279 1328 qui
1301 1264 1450 1307 coronam

348 1348 515 1433 abjecerat,
539 1345 777 1412 constantiorem
797 1345 843 1412 ait
859 1346 952 1411 fuisse
968 1344 1089 1409 caeteris
1104 1342 1262 1417 iratribus,
1288 1348 1320 1406 et
1334 1341 1450 1407 multos

349 1446 379 1511 ei
396 1446 531 1513 ostendit
547 1445 640 1511 fuisse
658 1445 851 1511 Christianos
866 1443 1095 1510 commilitones.

419 1549 441 1611 3
476 1544 623 1623 Accedat,
641 1544 724 1630 quod
741 1554 774 1609 et
790 1544 902 1609 milites
917 1543 1064 1618 nonnulli,
1080 1563 1138 1629 pro
1152 1539 1275 1607 Christo
1292 1547 1449 1606 tormenta

349 1654 542 1731 mortemque
553 1643 702 1731 perpessi,
721 1643 853 1709 eundem
870 1663 939 1707 cum
952 1641 1073 1707 caeteris
1090 1639 1282 1727 martyribus
1298 1639 1448 1705 honorem

348 1745 390 1810 ab
415 1744 543 1811 ecclesia
567 1750 764 1829 sumperunt,
794 1761 872 1828 quos
896 1740 979 1806 inter
1004 1750 1216 1805 memorantur
1245 1731 1330 1804 btres
1359 1738 1448 1804 Pauli

350 1843 495 1920 comites;
521 1842 579 1908 sub
595 1841 693 1907 Decio
706 1840 845 1917 Cerialis,
862 1840 921 1905 sub
937 1838 1105 1905 Valeriano
1123 1837 1274 1914 Marinus,
1296 1838 1448 1923 quinqua·

350 1941 439 2031 ginta
462 1944 521 2009 sub
542 1940 719 2017 Aureliano,
737 1940 855 2016 Victor,
882 1939 1021 2016 Maurus,
1047 1947 1080 2003 et
1093 1937 1277 2004 Valentinus
1299 1938 1448 2025 magister

350 2042 480 2110 militum
493 2042 551 2107 sub
564 2038 763 2116 Maximiano,
780 2038 862 2103 circa
873 2038 954 2103 idem
970 2046 1092 2123 tempus
1104 2037 1271 2101 Marcellus
1288 2036 1445 2111 Centurio,

350 2140 539 2207 Severianus
554 2137 612 2203 sub
631 2137 757 2203 Licinio.
809 2136 989 2225 Cyprianus
1006 2136 1046 2201 de
1063 2134 1252 2202 Laurentino
1275 2145 1308 2201 et
1324 2134 1448 2224 Ignatio

393 2315 456 2362 ⁸M.
472 2312 570 2362 Aurelio
589 2312 743 2373 Imperatori]
765 2313 827 2359 Vide
851 2317 877 2359 et
924 2312 1235 2372 pogruphmvocemillam
1246 2325 1276 2357 ex
1291 2310 1449 2371 incogitantia

350 2388 502 2451 Xiphilinum
512 2390 542 2436 dc
551 2390 709 2435 hauhistoria.
924 2388 1040 2447 posuisse,
1059 2401 1104 2447 pro
1113 2386 1222 2444 judiciis,
1243 2401 1273 2433 ex
1292 2386 1449 2446 sequentibus

392 2466 475 2513 llice
484 2464 561 2511 Pauli
571 2463 674 2524 comiter]
692 2464 763 2511 Adde
773 2463 874 2509 militem
925 2462 1142 2508 manifestissimum
1162 2466 1212 2519 αις
1230 2476 1305 2521 quum
1324 2462 1377 2507 heic
1398 2474 1447 2506 non

348 2540 498 2600 quendama
514 2538 627 2586 cornelio
641 2537 797 2600 baptizatum,
807 2539 875 2600 cujus
923 2541 1013 2598 agatur
1025 2537 1056 2584 dc
1070 2537 1201 2597 spectando
1213 2536 1331 2597 supplicio
1345 2548 1450 2592 morum,

348 2615 414 2676 apud
423 2615 535 2661 Adonem
545 2615 642 2660 mentio.
924 2614 967 2659 sed
977 2612 1145 2670 deiudieuudo
1155 2613 1180 2658 in
1195 2626 1279 2659 caussa
1291 2611 1384 2671 ospitis.
1413 2612 1448 2658 m

393 2689 404 2721 ²
419 2690 449 2736 ln
464 2688 575 2735 omnibus
590 2688 742 2736 Editionibns
756 2688 808 2736 heic
821 2693 874 2735 erat
923 2689 959 2735 ita
967 2689 1032 2748 apud
1038 2687 1213 2734 Tertullianum
1225 2688 1450 2747 deltototatmp.

348 2764 489 2826 mppliciir:
506 2764 547 2811 ssd
564 2762 603 2811 vel
618 2763 758 2820 Auctorem,
775 2763 814 2810 rel
824 2764 874 2824 Ty·
923 2763 959 2812 19.
989 2763 1028 2810 An
1042 2763 1138 2810 Militia
1152 2763 1187 2810 ad
1197 2762 1273 2822 fides·
1287 2762 1451 2809 admittitorri

350 2989 1448 3081 memetpimeuaamuumuasrommamamoaem

350 3095 444 3148 cmdto
459 3095 600 3147 beoontomt
614 3092 837 3163 mottewapu.
871 3092 951 3162 Isto
969 3095 1093 3163 comsorm
1113 3103 1139 3146 to
1154 3093 1213 3157 this,
1233 3093 1266 3147 let
1283 3093 1339 3145 tim
1357 3092 1447 3146 beod-

349 3179 450 3233 mittcd.
484 3177 649 3241 Tertullian,
669 3179 699 3231 in
720 3176 764 3233 hle
778 3178 911 3250 Apohroy,
925 3178 1060 3250 speaking
1073 3178 1103 3232 in
1117 3177 1167 3232 the
1185 3177 1381 3232 characteres
1399 3177 1449 3230 the

350 3265 512 3329 Christiane,
526 3281 597 3335 says,
614 3264 663 3319 We
674 3275 717 3318 cet
728 3264 792 3318 witi
804 3282 860 3336 you
873 3281 905 3318 oo
915 3265 1020 3328 milorr,
1034 3281 1066 3317 cc
1078 3263 1196 3317 soldius.
1227 3264 1254 3316 A
1264 3263 1339 3317 little
1350 3263 1448 3316 before

349 3352 386 3406 he
405 3350 462 3406 hed
482 3350 556 3406 said:
581 3351 629 3405 We
643 3368 691 3405 ore
707 3359 844 3422 stramem
859 3359 885 3403 to
900 3367 963 3421 porc,
980 3350 1038 3403 cmd
1055 3358 1099 3420 pet
1118 3366 1161 3403 we
1175 3350 1240 3402 hooc
1252 3348 1332 3420 filled
1350 3348 1392 3401 att
1408 3349 1449 3402 tit

350 3439 528 3509 deportmmts
539 3438 576 3508 os
585 3453 657 3508 your
667 3437 779 3507 secutur
794 3453 867 3507 your
884 3437 963 3500 citiea
979 3435 1090 3498 islanda,
1103 3435 1203 3498 camier,
1218 3442 1310 3497 tcum,
1323 3435 1450 3498 couscils,

349 3539 410 3578 evm
428 3540 500 3594 your
520 3539 620 3592 omnpo.
655 3521 690 3576 In
711 3520 760 3575 the
777 3538 855 3576 mmo
870 3521 946 3576 book
966 3521 1003 3575 he
1017 3520 1074 3574 had
1086 3519 1219 3575 narrated
1233 3517 1296 3574 that
1310 3533 1328 3572 a
1340 3515 1450 3573 shower

349 3623 404 3662 reas
416 3613 479 3663 sent
493 3608 523 3661 in
534 3623 642 3661 answer
655 3612 685 3660 to
703 3605 752 3660 the
766 3623 880 3677 prayers
892 3607 926 3661 oi
937 3607 1077 3662 Christm
1093 3606 1209 3662 soldiers
1220 3607 1251 3659 in
1264 3604 1314 3659 the
1325 3621 1405 3676 army
1419 3605 1454 3659 oi

280 3755 285 3766 .
349 3693 389 3746 M.
400 3691 538 3746 Aurelius.
570 3691 605 3744 In
619 3690 668 3745 the
683 3691 714 3745 do
727 3690 842 3754 Corona,
856 3692 892 3746 he
908 3709 971 3764 says
986 3692 1049 3748 that
1063 3693 1112 3748 the
1125 3693 1231 3747 soldier
1245 3690 1307 3745 who
1320 3689 1450 3745 hadcast

350 3775 393 3830 off
405 3776 455 3830 the
472 3791 564 3830 orown
582 3791 637 3829 was
656 3791 675 3828 a
693 3792 772 3831 more
793 3776 913 3832 stedtast
933 3795 1000 3831 man
1020 3778 1091 3832 than
1111 3777 1156 3833 his
1176 3776 1319 3842 brethren,
1340 3775 1397 3831 and
1411 3775 1449 3830 he

349 3861 437 3917 shows
451 3859 514 3914 that
527 3859 565 3914 hs
578 3859 634 3914 had
650 3877 733 3933 many
748 3861 889 3916 Christian
902 3863 1133 3920 follow-soldius.

404 3951 421 4002 3
443 3944 507 3999 Add
521 3952 551 4000 to
563 3944 699 4010 thiatbat
711 3963 788 4002 some
799 3948 925 4010 soldiers,
937 3949 1000 4005 who
1014 3950 1135 4006 suffered
1149 3954 1286 4005 tormenta
1298 3948 1353 4003 and
1363 3947 1449 4002 death

349 4029 396 4087 for
410 4030 512 4095 Obrist,
526 4032 652 4087 received
667 4031 742 4087 from
761 4034 809 4088 the
829 4032 942 4088 cherch
962 4035 1012 4090 the
1030 4053 1107 4091 same
1124 4035 1237 4091 honour
1256 4051 1288 4089 ss
1303 4033 1353 4090 the
1367 4033 1450 4089 other

349 4123 483 4190 martyre:
506 4132 609 4188 among
630 4117 710 4174 these
735 4135 784 4174 are
805 4120 941 4175 recorded
961 4120 1043 4176 three
1064 4122 1247 4193 companium
1265 4120 1299 4174 oi
1316 4120 1450 4184 StPsuls

350 4203 466 4260 Cerialis
480 4202 571 4258 under
587 4203 706 4268 Decium
723 4204 852 4259 Marinus
867 4206 957 4260 under
974 4207 1124 4272 Valeriam
1145 4207 1210 4278 fifty
1223 4222 1339 4278 persons
1358 4205 1452 4260 under

350 4290 500 4355 Aureliam
521 4289 628 4355 Victor,
638 4289 762 4355 Maurus,
774 4291 830 4345 and
845 4291 1020 4357 Valentinus,
1029 4293 1249 4348 soldier-master
1262 4291 1450 4347 underMaxi·

348 4379 444 4443 miens
475 4376 563 4432 about
584 4375 634 4430 the
654 4391 731 4430 same
755 4377 824 4432 time
846 4377 998 4432 Marcellus
1020 4377 1069 4436 the
1093 4379 1257 4444 (tentarios,
1284 4378 1341 4432 and
1363 4377 1451 4431 Sere·

349 4464 444 4519 rianus
462 4463 552 4520 under
571 4462 702 4518 Licinius.
738 4463 862 4536 cyprian
882 4464 992 4536 wmcing
1009 4465 1178 4536 concoming
1191 4465 1378 4521 Laurentium
1392 4461 1450 4517 and
