3234 5125
271 354 275 360 ι
335 258 398 324 xlvi
732 268 1035 325 PROLEGOMENA.

335 432 524 499 nominatum
539 430 694 498 diversam
715 430 808 520 longe
824 440 970 498 nnturem
986 431 1111 508 heheut,
1129 428 1162 496 in
1183 452 1221 497 eo
1238 430 1380 520 positum,
1398 441 1435 501 ιιι

335 555 403 620 quae
415 532 481 619 jam
499 542 572 598 sunt
587 531 716 598 ulterius
732 531 825 598 elteri
841 532 1073 619 permittantur,
1095 540 1152 598 eut
1168 530 1382 620 ‘’impleantur.

408 634 451 698 11
485 634 529 699 Et
549 632 617 697 haee
634 630 757 718 quidem
775 652 845 717 quoe
857 631 925 719 jem
946 631 1089 708 diximus,
1110 631 1211 697 locum
1227 632 1362 720 aliquem
1377 633 1433 699 hn-

334 734 454 810 berent,
468 732 588 798 etiamsi
600 732 754 809 daremus,
773 731 874 817 ¹quod
888 730 955 796 sine
967 753 1086 797 summo
1098 731 1215 798 scelere
1229 732 1299 798 duri
1313 734 1432 819 nequit,

333 855 394 898 non
411 854 478 898 esse
494 833 606 909 Deum,
630 839 686 897 eut
701 853 763 896 non
786 830 889 917 eururi
904 832 946 897 eb
962 853 1000 897 eo
1020 831 1147 920 negotiu
1165 831 1320 899 humenu:
1345 832 1433 920 eujus

333 932 522 999 eontrarium
543 953 613 997 cum
634 930 722 996 nobis
741 929 858 1017 purtim
879 930 971 1008 rutio,
992 930 1108 1019 purtim
1130 930 1259 998 traditio
1281 941 1433 1020 perpetuu

332 1032 521 1108 imeverint3
549 1030 731 1097 confirment
751 1051 827 1096 vero
848 1039 882 1097 et
897 1038 1084 1119 argumente
1107 1030 1205 1097 multu
1227 1040 1261 1098 et
1284 1032 1433 1098 miracuta

331 1132 372 1198 eh
389 1132 529 1197 omnibus
551 1130 669 1195 eaeouiis
686 1138 810 1207 testate,
836 1129 985 1217 sequitur,
1007 1130 1073 1218 jum
1088 1129 1148 1217 ipsi
1168 1131 1248 1209 Deo,
1271 1140 1308 1198 ut
1330 1132 1432 1219 opifici

332 1241 365 1299 et
380 1232 428 1297 cui
449 1254 506 1297 nos
522 1240 690 1317 nostroque
709 1230 813 1295 omniu
834 1230 1010 1307 debeamus,
1034 1230 1101 1296 sine
1116 1230 1299 1317 exceptione
1320 1253 1433 1320 puren-

332 1332 405 1397 dum
423 1330 511 1397 nobis
527 1352 604 1405 esse,
630 1328 790 1423 praeeipue
806 1351 876 1395 oum
894 1329 971 1395 isse
990 1329 1094 1396 multis
1110 1330 1210 1395 modis
1232 1340 1266 1398 et
1281 1332 1431 1419 optimum

332 1440 365 1496 et
383 1430 629 1518 potentissimum
652 1428 841 1505 ostenderit;
863 1427 909 1495 itu
928 1438 965 1496 ut
984 1429 1045 1495 sibi
1062 1428 1277 1496 obedientibus
1301 1430 1432 1518 praemie

329 1530 462 1595 reddere
482 1529 626 1606 menime,
653 1528 747 1594 etiam
769 1539 898 1605 aeierm,
923 1528 1039 1616 quippe
1062 1537 1198 1595 eternus
1220 1529 1297 1619 ipse,
1324 1529 1430 1617 possit,

329 1637 362 1696 et
378 1628 510 1695 voluisse
530 1628 615 1694 credi
635 1628 758 1704 debeat,
782 1628 942 1714 multoque
962 1627 1063 1717 mugio
1083 1628 1111 1693 si
1131 1627 1165 1694 id
1185 1629 1310 1695 disertis
1327 1629 1431 1695 verbis

329 1728 524 1817 promiserit:
544 1728 630 1815 quod
646 1727 817 1795 Christiani
832 1727 1008 1795 indubitutu
1021 1728 1268 1796 testimoniorum
1283 1728 1345 1795 tide
1360 1751 1432 1795 oon·

330 1828 405 1896 uicti
420 1828 582 1896 eredimus.

374 2006 385 2036 ⁰
400 2006 466 2053 Nihil
491 2004 543 2052 heic
570 2004 636 2051 volui
665 2009 772 2052 moure:
804 2005 854 2063 sed,
906 2004 1228 2066 Gert.Lib.n.c.8.§19.
1246 2008 1429 2066 nothetqure

328 2092 472 2140 quemquem
487 2080 522 2124 itu
534 2078 558 2123 ιιι
575 2076 684 2123 omnibns
702 2076 854 2122 Editionibus
902 2080 966 2125 intre
983 2092 1114 2136 munemne,
1131 2081 1163 2125 cd
1183 2081 1237 2129 Lib.
1257 2094 1276 2127 1.
1297 2095 1318 2129 c.
1336 2085 1357 2128 1.
1374 2080 1389 2140 ξ
1406 2083 1430 2139 8,

326 2154 429 2213 legetur,
443 2154 482 2199 vix
497 2154 581 2199 dubito
592 2152 651 2211 quin
667 2151 761 2197 Auctor
776 2152 853 2210 scrip·
903 2154 990 2215 [immo
1000 2154 1043 2214 10]
1053 2167 1118 2202 num.
1127 2157 1152 2201 2.
1162 2160 1213 2201 not.
1223 2158 1246 2202 4.
1276 2156 1304 2203 J.
1313 2157 1347 2203 B.

326 2230 397 2275 serit:
412 2233 455 2274 aut
470 2241 528 2282 oum
540 2239 634 2272 nnrnru
649 2238 792 2272 nnnnuron
808 2226 853 2270 iw-
942 2228 1156 2276 *Extiterunt
1169 2230 1299 2292 οοιιοιιοιο]
1321 2233 1382 2278 Inde
1392 2233 1428 2279 ιι.

320 2304 451 2363 plectitur:
469 2300 629 2363 nequeenim,
644 2301 774 2347 secundum
784 2299 853 2345 Auc-
902 2303 1028 2350 Antonino
1041 2304 1124 2363 Judice
1146 2305 1209 2352 libro
1229 2319 1274 2355 rx:
1300 2307 1314 2354 b
1339 2308 1430 2355 ἀδικῶν

325 2384 572 2436 turemnostrum,eu
585 2390 639 2438 quae
654 2375 788 2436 implentur,
800 2375 853 2435 jum
901 2377 1002 2437 ἀσεβεῖ·
1026 2380 1069 2439 qui
1094 2378 1179 2437 ιἰῄιιοιι
1202 2382 1260 2441 apii,
1281 2382 1368 2442 impius
1386 2387 1429 2428 at,

324 2460 392 2501 ermrt
410 2454 517 2510 durius,
537 2466 595 2510 erge
615 2463 687 2511 quem
712 2448 854 2510 implentur,
904 2451 996 2513 [Locus
1011 2458 1048 2501 est
1063 2452 1111 2514 51.
1136 2454 1228 2500 Sedibi
1239 2456 1321 2516 egitur
1330 2457 1361 2503 de
1372 2456 1428 2517 jure

324 2530 366 2578 sed
380 2534 474 2577 tuntum
488 2530 510 2577 ei
523 2528 673 2584 debebantur,
689 2529 741 2572 tum
755 2525 853 2572 demum
902 2526 1019 2585 Naturali,
1030 2542 1078 2575 non
1094 2530 1125 2576 de
1135 2529 1199 2576 dure
1213 2529 1305 2577 Diuisio
1319 2531 1428 2579 οοιιοιιο-

324 2607 387 2655 tilius
406 2607 495 2664 tuturo,
517 2605 612 2666 qnando
635 2603 735 2663 implete
750 2601 853 2650 fuerint.
901 2604 947 2661 ric,
960 2605 1002 2664 qui
1018 2619 1048 2651 ex
1064 2605 1140 2652 libero
1156 2605 1206 2651 Dei
1220 2608 1339 2654 volutato
1353 2608 1428 2654 venit.

324 2683 387 2732 Vide
396 2683 460 2728 infre
469 2682 523 2728 Lib.
534 2693 563 2727 11.
575 2694 596 2728 c.
606 2681 629 2727 7.
644 2691 710 2726 num.
723 2681 745 2726 1.
759 2681 784 2724 οι
796 2677 851 2725 Lib.
901 2678 975 2725 Plure
984 2679 1086 2725 diximus
1094 2679 1121 2724 in
1133 2679 1233 2727 Gallicis
1242 2681 1322 2728 Notis.
1343 2680 1428 2742 J.B.]

323 2771 365 2811 ιιι.
375 2771 396 2804 ο,
407 2758 443 2806 19.
455 2771 481 2804 ιι.
491 2759 530 2804 15.
558 2756 586 2802 J.
598 2753 632 2802 B.
947 2753 954 2788 ¹
970 2753 1020 2800 Deo
1036 2759 1112 2801 turm
1126 2755 1231 2802 adscribi
1245 2757 1328 2804 πονιιο
1337 2756 1427 2817 potest]

370 2832 378 2864 ¹
395 2835 467 2892 Vide,
483 2847 537 2895 quie
560 2831 737 2879 observavimus
755 2831 781 2876 in
800 2831 853 2876 Pu·
903 2829 1086 2890 Chrysostomns
1102 2843 1121 2876 r.
1140 2831 1172 2877 ud
1192 2831 1330 2878 Corinthios
1349 2832 1382 2878 xi.
1397 2835 1427 2879 3:

326 2923 499 2959 rnrnonrruu
509 2913 625 2964 nostrum,
634 2906 675 2954 De
684 2905 742 2953 Jur.
755 2904 816 2953 Νοι.
830 2909 854 2951 οι
902 2903 1001 2950 ὄτοοιι
1011 2902 1075 2950 «iro
1089 2903 1138 2960 τήν
1147 2905 1233 2965 φύσιν,
1246 2905 1302 2954 θεὸν
1316 2907 1396 2968 λέγω.
1411 2906 1427 2954 d

378 3161 410 3212 11
438 3154 503 3212 And
523 3155 599 3210 what
617 3171 659 3211 we
676 3153 828 3210 heresuid
846 3153 937 3210 would
956 3153 1014 3209 still
1032 3153 1105 3210 huwe
1123 3159 1206 3226 meet
1224 3154 1335 3227 woight,
1356 3171 1426 3210 ewen

323 3243 350 3301 ii
366 3261 409 3301 we
420 3261 501 3300 were
519 3249 549 3299 to
568 3247 660 3315 ment,
677 3242 753 3298 whut
766 3256 808 3297 we
822 3246 926 3297 oennot
939 3246 1024 3313 grem
1034 3241 1153 3297 without
1169 3241 1347 3306 wickednees,
1363 3239 1427 3296 thot

323 3333 404 3388 there
424 3333 448 3387 is
467 3347 505 3386 no
522 3329 594 3391 (lod,
620 3345 653 3384 or
674 3328 736 3384 thet
755 3326 794 3384 he
816 3326 936 3385 bestows
956 3343 993 3383 no
1013 3327 1116 3400 regerd
1137 3343 1175 3383 on
1195 3326 1302 3382 humen
1323 3326 1425 3384 snum.

322 3417 381 3473 But
388 3415 533 3472 inusmuch
543 3433 574 3470 es
585 3431 627 3470 we
635 3431 684 3470 ere
692 3413 807 3472 essured
817 3415 851 3469 of
859 3416 909 3472 the
915 3420 1047 3488 contrary
1058 3415 1092 3470 ol
1099 3413 1265 3488 this,pertly
1272 3414 1426 3487 byreeson,

322 3503 416 3572 partly
433 3501 472 3569 by
489 3505 618 3553 constent
639 3501 784 3563 tradition,
805 3501 960 3555 confirmed
974 3501 1013 3571 by
1030 3519 1115 3572 many
1131 3507 1294 3570 arguments
1314 3500 1372 3554 end
1387 3499 1426 3571 by

322 3583 451 3638 mirocles
468 3581 589 3634 attested
603 3581 643 3650 by
653 3581 691 3632 etl
705 3599 779 3652 eges,
793 3581 817 3633 it
828 3581 935 3637 follows
947 3584 1011 3636 thet
1026 3585 1099 3648 God,
1110 3601 1142 3638 es
1155 3584 1206 3639 the
1217 3585 1321 3639 author
1331 3585 1366 3639 of
1373 3601 1428 3639 our

321 3667 414 3735 being,
425 3669 456 3719 ιο
468 3663 560 3717 whom
571 3679 613 3715 we
625 3679 684 3716 owe
695 3665 835 3718 ourselwes
847 3666 904 3717 end
915 3665 954 3716 ull
965 3665 1029 3717 thet
1043 3682 1085 3718 we
1095 3667 1175 3726 heve,
1193 3668 1218 3720 is
1228 3675 1260 3721 to
1272 3669 1307 3721 be
1316 3668 1426 3737 obeyed

321 3753 360 3823 by
383 3765 416 3804 us
441 3747 560 3801 without
581 3745 737 3814 exception,
759 3746 911 3816 especially
931 3746 1008 3798 since
1031 3746 1070 3800 he
1090 3746 1149 3807 hes,
1176 3747 1208 3798 in
1236 3765 1321 3818 many
1339 3765 1424 3817 ways,

321 3835 415 3894 shown
426 3829 542 3887 himself
552 3829 623 3884 both
638 3829 798 3898 supremely
811 3829 886 3896 good
899 3828 956 3881 end
966 3830 1127 3898 supremely
1139 3829 1293 3899 powerr‘ulr
1315 3827 1423 3883 where-

320 3924 382 3978 fore
409 3918 446 3974 he
463 3918 487 3971 is
504 3915 568 3970 oble
594 3919 625 3967 to
650 3911 756 3967 bestow
778 3926 854 3982 upon
876 3911 958 3966 those
980 3911 1043 3966 who
1065 3911 1137 3983 obey
1154 3911 1214 3965 him
1238 3911 1288 3967 the
1309 3911 1422 3983 highest

320 4003 448 4067 rewerds,
462 4016 534 4057 even
546 3997 653 4054 eternul
664 4012 740 4062 ones,
756 4014 787 4051 es
801 3996 887 4068 being
899 3996 1016 4051 himself
1026 3996 1149 4062 etmel,
1170 3997 1227 4050 und
1245 3997 1283 4053 he
1298 4003 1373 4053 must
1383 3999 1421 4056 be

319 4087 459 4162 supposed
480 4093 511 4141 to
528 4084 564 4139 be
585 4082 690 4154 willing
707 4099 739 4139 es
756 4081 820 4138 well
842 4098 874 4137 es
893 4080 957 4137 eble
979 4086 1010 4137 to
1029 4082 1067 4138 do
1089 4081 1161 4149 this3
1190 4083 1248 4137 end
1267 4083 1317 4139 the
1341 4101 1422 4143 more

318 4195 359 4243 so,
380 4173 406 4228 il
421 4171 458 4226 he
472 4170 544 4227 hove
564 4167 706 4242 promised
725 4168 794 4226 such
814 4169 934 4223 rewurds
954 4169 985 4222 in
1003 4167 1081 4241 piein
1094 4169 1251 4242 leuguuge3
1268 4169 1359 4227 which
1378 4191 1421 4229 we

319 4257 473 4320 (thr-istisne
495 4255 613 4322 believe,
641 4256 749 4330 resting
775 4271 827 4311 our
848 4254 940 4312 belief
958 4271 997 4311 on
1019 4255 1070 4313 the
1091 4255 1270 4314 indubitabie
1290 4257 1364 4314 tuith
1390 4260 1426 4315 of

317 4344 499 4406 testimoniet.
1035 4370 1038 4374 ·

375 4437 409 4486 12
439 4431 504 4490 And
524 4434 592 4490 here
611 4447 652 4490 we
674 4449 723 4489 ure
740 4429 864 4504 brought
880 4434 911 4487 to
928 4428 1050 4488 another
1066 4431 1158 4505 origin
1180 4431 1213 4488 ot
1231 4433 1292 4499 Jus,
1310 4431 1421 4489 besides
