<?xml version="1.0" encoding="UTF-8"?>
<!DOCTYPE html PUBLIC "-//W3C//DTD XHTML 1.0 Transitional//EN"
    "http://www.w3.org/TR/xhtml1/DTD/xhtml1-transitional.dtd">
<html xmlns="http://www.w3.org/1999/xhtml" xml:lang="en" lang="en">
 <head>
  <title>
</title>
<meta http-equiv="Content-Type" content="text/html;charset=utf-8" />
  <meta name='ocr-system' content='tesseract 3.04.00' />
  <meta name='ocr-capabilities' content='ocr_page ocr_carea ocr_par ocr_line ocrx_word'/>
</head>
<body>
  <div class='ocr_page' id='page_1' title='image "./hugonisgrotiide08barbgoog_0304.png"; bbox 0 0 3234 5125; ppageno 0'>
   <div class='ocr_carea' id='block_1_1' title="bbox 179 330 1279 412">
    <p class='ocr_par' dir='ltr' id='par_1_1' title="bbox 179 330 1279 412">
     <span class='ocr_line' id='line_1_1' title="bbox 179 330 1279 412; baseline -0.006 -11"><span class='ocrx_word' id='word_1_1' title='bbox 179 342 249 403; x_wconf 79' lang='lat' dir='ltr'><strong>Om’.</strong></span> <span class='ocrx_word' id='word_1_2' title='bbox 261 341 299 412; x_wconf 79' lang='lat' dir='ltr'><strong>L]</strong></span> <span class='ocrx_word' id='word_1_3' title='bbox 395 344 448 398; x_wconf 77' lang='lat' dir='ltr'><strong>DE</strong></span> <span class='ocrx_word' id='word_1_4' title='bbox 469 341 717 399; x_wconf 81' lang='lat' dir='ltr'><strong>DEFENSIONE</strong></span> <span class='ocrx_word' id='word_1_5' title='bbox 739 342 804 398; x_wconf 80' lang='lat' dir='ltr'><strong>sm</strong></span> <span class='ocrx_word' id='word_1_6' title='bbox 825 342 876 396; x_wconf 83' lang='grc' dir='ltr'><strong>ΕΤ</strong></span> <span class='ocrx_word' id='word_1_7' title='bbox 896 339 1044 397; x_wconf 80' lang='lat' dir='ltr'><strong>RERUM.</strong></span> <span class='ocrx_word' id='word_1_8' title='bbox 1215 330 1279 394; x_wconf 79' lang='grc'><strong>219</strong></span> 
     </span>
    </p>
   </div>
   <div class='ocr_carea' id='block_1_2' title="bbox 178 503 1441 2478">
    <p class='ocr_par' dir='ltr' id='par_1_2' title="bbox 178 503 1441 2062">
     <span class='ocr_line' id='line_1_2' title="bbox 179 503 1279 597; baseline -0.005 -19"><span class='ocrx_word' id='word_1_9' title='bbox 179 511 260 590; x_wconf 90' lang='lat' dir='ltr'><strong>ideo,</strong></span> <span class='ocrx_word' id='word_1_10' title='bbox 286 511 313 578; x_wconf 83' lang='lat' dir='ltr'><strong>ni</strong></span> <span class='ocrx_word' id='word_1_11' title='bbox 341 508 458 577; x_wconf 80' lang='lat' dir='ltr'><strong>oooisun</strong></span> <span class='ocrx_word' id='word_1_12' title='bbox 476 510 528 576; x_wconf 89' lang='lat' dir='ltr'><strong>fur</strong></span> <span class='ocrx_word' id='word_1_13' title='bbox 552 508 738 597; x_wconf 76' lang='lat' dir='ltr'><strong>reperietur,</strong></span> <span class='ocrx_word' id='word_1_14' title='bbox 761 508 882 574; x_wconf 83' lang='lat' dir='ltr'><strong>fneiliue</strong></span> <span class='ocrx_word' id='word_1_15' title='bbox 898 507 1045 574; x_wconf 78' lang='lat' dir='ltr'><strong>credetur</strong></span> <span class='ocrx_word' id='word_1_16' title='bbox 1061 504 1099 584; x_wconf 90' lang='lat' dir='ltr'><strong>ei,</strong></span> <span class='ocrx_word' id='word_1_17' title='bbox 1124 503 1178 593; x_wconf 90' lang='lat' dir='ltr'><strong>qui</strong></span> <span class='ocrx_word' id='word_1_18' title='bbox 1201 526 1222 571; x_wconf 84' lang='lat' dir='ltr'><strong>e</strong></span> <span class='ocrx_word' id='word_1_19' title='bbox 1244 527 1279 572; x_wconf 84' lang='lat' dir='ltr'><strong>ee</strong></span> 
     </span>
     <span class='ocr_line' id='line_1_3' title="bbox 178 603 1277 694; baseline -0.008 -16"><span class='ocrx_word' id='word_1_20' title='bbox 178 613 254 678; x_wconf 77' lang='lat' dir='ltr'><strong>vitm</strong></span> <span class='ocrx_word' id='word_1_21' title='bbox 265 611 392 677; x_wconf 71' lang='lat' dir='ltr'><strong>tuende</strong></span> <span class='ocrx_word' id='word_1_22' title='bbox 409 631 502 676; x_wconf 79' lang='lat' dir='ltr'><strong>eumn</strong></span> <span class='ocrx_word' id='word_1_23' title='bbox 519 609 602 675; x_wconf 83' lang='lat' dir='ltr'><strong>diunt</strong></span> <span class='ocrx_word' id='word_1_24' title='bbox 621 610 723 675; x_wconf 88' lang='lat' dir='ltr'><strong>furem</strong></span> <span class='ocrx_word' id='word_1_25' title='bbox 739 608 950 685; x_wconf 88' lang='lat' dir='ltr'><strong>interemtum,</strong></span> <span class='ocrx_word' id='word_1_26' title='bbox 974 614 1136 694; x_wconf 85' lang='lat' dir='ltr'><strong>repertum</strong></span> <span class='ocrx_word' id='word_1_27' title='bbox 1160 603 1277 670; x_wconf 82' lang='lat' dir='ltr'><strong>eeilieet</strong></span> 
     </span>
     <span class='ocr_line' id='line_1_4' title="bbox 179 704 1277 797; baseline -0.008 -20"><span class='ocrx_word' id='word_1_28' title='bbox 179 731 250 777; x_wconf 91' lang='lat' dir='ltr'><strong>eum</strong></span> <span class='ocrx_word' id='word_1_29' title='bbox 266 710 370 797; x_wconf 79' lang='lat' dir='ltr'><strong>aliquo</strong></span> <span class='ocrx_word' id='word_1_30' title='bbox 386 710 603 785; x_wconf 80' lang='lat' dir='ltr'><strong>instrumento,</strong></span> <span class='ocrx_word' id='word_1_31' title='bbox 620 730 682 795; x_wconf 91' lang='lat' dir='ltr'><strong>quo</strong></span> <span class='ocrx_word' id='word_1_32' title='bbox 699 729 812 774; x_wconf 85' lang='lat' dir='ltr'><strong>nooere</strong></span> <span class='ocrx_word' id='word_1_33' title='bbox 828 711 940 794; x_wconf 80' lang='lat' dir='ltr'><strong>posset.</strong></span> <span class='ocrx_word' id='word_1_34' title='bbox 987 705 1026 772; x_wconf 93' lang='lat' dir='ltr'><strong>Id</strong></span> <span class='ocrx_word' id='word_1_35' title='bbox 1043 705 1124 770; x_wconf 89' lang='lat' dir='ltr'><strong>euim</strong></span> <span class='ocrx_word' id='word_1_36' title='bbox 1141 704 1193 769; x_wconf 89' lang='lat' dir='ltr'><strong>lex</strong></span> <span class='ocrx_word' id='word_1_37' title='bbox 1210 704 1277 769; x_wconf 88' lang='lat' dir='ltr'><strong>He-</strong></span> 
     </span>
     <span class='ocr_line' id='line_1_5' title="bbox 178 803 1276 897; baseline -0.007 -21"><span class='ocrx_word' id='word_1_38' title='bbox 178 811 265 876; x_wconf 81' lang='lat' dir='ltr'><strong>braeu</strong></span> <span class='ocrx_word' id='word_1_39' title='bbox 279 809 425 895; x_wconf 80' lang='lat' dir='ltr'><strong>requirit,</strong></span> <span class='ocrx_word' id='word_1_40' title='bbox 448 829 546 897; x_wconf 80' lang='lat' dir='ltr'><strong>egene</strong></span> <span class='ocrx_word' id='word_1_41' title='bbox 562 807 602 873; x_wconf 91' lang='lat' dir='ltr'><strong>de</strong></span> <span class='ocrx_word' id='word_1_42' title='bbox 618 808 689 874; x_wconf 89' lang='lat' dir='ltr'><strong>fure</strong></span> <span class='ocrx_word' id='word_1_43' title='bbox 704 815 831 894; x_wconf 84' lang='lat' dir='ltr'><strong>reperto</strong></span> <span class='ocrx_word' id='word_1_44' title='bbox 849 815 1025 878; x_wconf 57' lang='lat' dir='ltr'><strong>nonnum</strong></span> <span class='ocrx_word' id='word_1_45' title='bbox 1048 803 1133 891; x_wconf 89' lang='lat' dir='ltr'><strong>quod</strong></span> <span class='ocrx_word' id='word_1_46' title='bbox 1149 803 1276 889; x_wconf 84' lang='lat' dir='ltr'><strong>quidem</strong></span> 
     </span>
     <span class='ocr_line' id='line_1_6' title="bbox 179 905 1276 995; baseline -0.005 -20"><span class='ocrx_word' id='word_1_47' title='bbox 179 909 373 976; x_wconf 77' lang='lat' dir='ltr'><strong>transferunt</strong></span> <span class='ocrx_word' id='word_1_48' title='bbox 388 911 427 974; x_wconf 78' lang='lat' dir='ltr'><strong>in</strong></span> <span class='ocrx_word' id='word_1_49' title='bbox 436 909 660 995; x_wconf 60' lang='lat' dir='ltr'><strong>perseniam,-</strong></span> <span class='ocrx_word' id='word_1_50' title='bbox 685 907 739 972; x_wconf 78' lang='lat' dir='ltr'><strong>elii</strong></span> <span class='ocrx_word' id='word_1_51' title='bbox 755 906 838 972; x_wconf 91' lang='lat' dir='ltr'><strong>forte</strong></span> <span class='ocrx_word' id='word_1_52' title='bbox 852 906 971 982; x_wconf 79' lang='lat' dir='ltr'><strong>melius,</strong></span> <span class='ocrx_word' id='word_1_53' title='bbox 993 927 1065 972; x_wconf 80' lang='lat' dir='ltr'><strong>eum</strong></span> <span class='ocrx_word' id='word_1_54' title='bbox 1076 905 1276 990; x_wconf 61' lang='lat' dir='ltr'><strong>perforendo</strong></span> 
     </span>
     <span class='ocr_line' id='line_1_7' title="bbox 179 1001 1277 1092; baseline -0.006 -17"><span class='ocrx_word' id='word_1_55' title='bbox 179 1012 415 1075; x_wconf 68' lang='lat' dir='ltr'><strong>instrumento.-</strong></span> <span class='ocrx_word' id='word_1_56' title='bbox 444 1006 598 1092; x_wconf 90' lang='lat' dir='ltr'><strong>quomodo</strong></span> <span class='ocrx_word' id='word_1_57' title='bbox 623 1013 657 1071; x_wconf 92' lang='lat' dir='ltr'><strong>et</strong></span> <span class='ocrx_word' id='word_1_58' title='bbox 680 1005 828 1072; x_wconf 79' lang='lat' dir='ltr'><strong>Jeremiae</strong></span> <span class='ocrx_word' id='word_1_59' title='bbox 847 1005 879 1074; x_wconf 88' lang='lat' dir='ltr'><strong>ii.</strong></span> <span class='ocrx_word' id='word_1_60' title='bbox 896 1007 941 1071; x_wconf 88' lang='grc'><strong>34</strong></span> <span class='ocrx_word' id='word_1_61' title='bbox 966 1027 1005 1070; x_wconf 82' lang='lat' dir='ltr'><strong>en</strong></span> <span class='ocrx_word' id='word_1_62' title='bbox 1036 1024 1098 1069; x_wconf 80' lang='lat' dir='ltr'><strong>vox</strong></span> <span class='ocrx_word' id='word_1_63' title='bbox 1120 1025 1140 1068; x_wconf 85' lang='lat' dir='ltr'><strong>e</strong></span> <span class='ocrx_word' id='word_1_64' title='bbox 1164 1001 1277 1068; x_wconf 83' lang='lat' dir='ltr'><strong>doetis-</strong></span> 
     </span>
     <span class='ocr_line' id='line_1_8' title="bbox 179 1101 1277 1193; baseline -0.007 -20"><span class='ocrx_word' id='word_1_65' title='bbox 179 1107 266 1173; x_wconf 82' lang='lat' dir='ltr'><strong>eimir</strong></span> <span class='ocrx_word' id='word_1_66' title='bbox 281 1107 492 1173; x_wconf 76' lang='lat' dir='ltr'><strong>Hebraeornm</strong></span> <span class='ocrx_word' id='word_1_67' title='bbox 508 1103 682 1193; x_wconf 79' lang='lat' dir='ltr'><strong>exponitur.</strong></span> <span class='ocrx_word' id='word_1_68' title='bbox 728 1104 827 1170; x_wconf 88' lang='lat' dir='ltr'><strong>Duoit</strong></span> <span class='ocrx_word' id='word_1_69' title='bbox 845 1126 902 1170; x_wconf 85' lang='lat' dir='ltr'><strong>noe</strong></span> <span class='ocrx_word' id='word_1_70' title='bbox 921 1105 963 1170; x_wconf 84' lang='lat' dir='ltr'><strong>ed</strong></span> <span class='ocrx_word' id='word_1_71' title='bbox 982 1105 1064 1168; x_wconf 85' lang='lat' dir='ltr'><strong>hene</strong></span> <span class='ocrx_word' id='word_1_72' title='bbox 1089 1101 1277 1188; x_wconf 81' lang='lat' dir='ltr'><strong>interpreta-</strong></span> 
     </span>
     <span class='ocr_line' id='line_1_9' title="bbox 181 1199 1278 1289; baseline -0.008 -17"><span class='ocrx_word' id='word_1_73' title='bbox 181 1206 298 1272; x_wconf 89' lang='lat' dir='ltr'><strong>tionem</strong></span> <span class='ocrx_word' id='word_1_74' title='bbox 323 1206 375 1272; x_wconf 87' lang='lat' dir='ltr'><strong>lex</strong></span> <span class='ocrx_word' id='word_1_75' title='bbox 400 1203 560 1271; x_wconf 81' lang='lat' dir='ltr'><strong>duodecim</strong></span> <span class='ocrx_word' id='word_1_76' title='bbox 586 1202 773 1279; x_wconf 72' lang='lat' dir='ltr'><strong>tabularum,</strong></span> <span class='ocrx_word' id='word_1_77' title='bbox 797 1225 869 1289; x_wconf 83' lang='lat' dir='ltr'><strong>quae</strong></span> <span class='ocrx_word' id='word_1_78' title='bbox 890 1203 992 1270; x_wconf 86' lang='lat' dir='ltr'><strong>furem</strong></span> <span class='ocrx_word' id='word_1_79' title='bbox 1011 1201 1157 1268; x_wconf 86' lang='lat' dir='ltr'><strong>diurnum</strong></span> <span class='ocrx_word' id='word_1_80' title='bbox 1180 1199 1278 1264; x_wconf 89' lang='lat' dir='ltr'><strong>oeoidi</strong></span> 
     </span>
     <span class='ocr_line' id='line_1_10' title="bbox 180 1299 1278 1391; baseline -0.007 -19"><span class='ocrx_word' id='word_1_81' title='bbox 180 1313 277 1383; x_wconf 75' lang='lat' dir='ltr'><strong>vetut,</strong></span> <span class='ocrx_word' id='word_1_82' title='bbox 299 1304 427 1371; x_wconf 80' lang='lat' dir='ltr'><strong>³ndditn</strong></span> <span class='ocrx_word' id='word_1_83' title='bbox 442 1302 635 1391; x_wconf 88' lang='lat' dir='ltr'><strong>exeeptione,</strong></span> <span class='ocrx_word' id='word_1_84' title='bbox 657 1303 718 1368; x_wconf 80' lang='lat' dir='ltr'><strong>nini</strong></span> <span class='ocrx_word' id='word_1_85' title='bbox 740 1323 775 1368; x_wconf 83' lang='lat' dir='ltr'><strong>ee</strong></span> <span class='ocrx_word' id='word_1_86' title='bbox 795 1301 859 1380; x_wconf 82' lang='lat' dir='ltr'><strong>telo</strong></span> <span class='ocrx_word' id='word_1_87' title='bbox 883 1299 1067 1368; x_wconf 82' lang='lat' dir='ltr'><strong>defenderit</strong></span> <span class='ocrx_word' id='word_1_88' title='bbox 1120 1300 1278 1365; x_wconf 76' lang='lat' dir='ltr'><strong>Adversus</strong></span> 
     </span>
     <span class='ocr_line' id='line_1_11' title="bbox 180 1397 1278 1492; baseline -0.009 -21"><span class='ocrx_word' id='word_1_89' title='bbox 180 1414 365 1471; x_wconf 74' lang='lat' dir='ltr'><strong>nocturnum</strong></span> <span class='ocrx_word' id='word_1_90' title='bbox 393 1403 492 1492; x_wconf 86' lang='lat' dir='ltr'><strong>igitur</strong></span> <span class='ocrx_word' id='word_1_91' title='bbox 528 1402 709 1489; x_wconf 83' lang='lat' dir='ltr'><strong>praeeumtio</strong></span> <span class='ocrx_word' id='word_1_92' title='bbox 737 1410 786 1467; x_wconf 85' lang='lat' dir='ltr'><strong>eet</strong></span> <span class='ocrx_word' id='word_1_93' title='bbox 812 1401 987 1467; x_wconf 80' lang='lat' dir='ltr'><strong>defendisse</strong></span> <span class='ocrx_word' id='word_1_94' title='bbox 1016 1421 1051 1466; x_wconf 85' lang='lat' dir='ltr'><strong>ee</strong></span> <span class='ocrx_word' id='word_1_95' title='bbox 1082 1398 1155 1465; x_wconf 83' lang='lat' dir='ltr'><strong>telo.</strong></span> <span class='ocrx_word' id='word_1_96' title='bbox 1208 1397 1278 1463; x_wconf 76' lang='lat' dir='ltr'><strong>Tell</strong></span> 
     </span>
     <span class='ocr_line' id='line_1_12' title="bbox 180 1495 1278 1586; baseline -0.008 -17"><span class='ocrx_word' id='word_1_97' title='bbox 180 1511 285 1570; x_wconf 81' lang='lat' dir='ltr'><strong>entem</strong></span> <span class='ocrx_word' id='word_1_98' title='bbox 301 1501 425 1568; x_wconf 90' lang='lat' dir='ltr'><strong>nomine</strong></span> <span class='ocrx_word' id='word_1_99' title='bbox 440 1502 569 1577; x_wconf 84' lang='lat' dir='ltr'><strong>ferrum,</strong></span> <span class='ocrx_word' id='word_1_100' title='bbox 594 1500 686 1568; x_wconf 82' lang='lat' dir='ltr'><strong>fuetin</strong></span> <span class='ocrx_word' id='word_1_101' title='bbox 709 1508 744 1566; x_wconf 88' lang='lat' dir='ltr'><strong>et</strong></span> <span class='ocrx_word' id='word_1_102' title='bbox 758 1499 838 1586; x_wconf 83' lang='lat' dir='ltr'><strong>lupis</strong></span> <span class='ocrx_word' id='word_1_103' title='bbox 852 1499 948 1576; x_wconf 75' lang='lat' dir='ltr'><strong>veuit,</strong></span> <span class='ocrx_word' id='word_1_104' title='bbox 971 1506 1008 1564; x_wconf 92' lang='lat' dir='ltr'><strong>ut</strong></span> <span class='ocrx_word' id='word_1_105' title='bbox 1023 1498 1064 1564; x_wconf 84' lang='lat' dir='ltr'><strong>ed</strong></span> <span class='ocrx_word' id='word_1_106' title='bbox 1080 1497 1162 1562; x_wconf 78' lang='lat' dir='ltr'><strong>huno</strong></span> <span class='ocrx_word' id='word_1_107' title='bbox 1178 1495 1278 1583; x_wconf 84' lang='lat' dir='ltr'><strong>ipenm</strong></span> 
     </span>
     <span class='ocr_line' id='line_1_13' title="bbox 180 1595 1410 1698; baseline -0.002 -32"><span class='ocrx_word' id='word_1_108' title='bbox 180 1601 285 1689; x_wconf 80' lang='lat' dir='ltr'><strong>legem</strong></span> <span class='ocrx_word' id='word_1_109' title='bbox 308 1607 450 1666; x_wconf 73' lang='lat' dir='ltr'><strong>notatum</strong></span> <span class='ocrx_word' id='word_1_110' title='bbox 479 1621 499 1664; x_wconf 85' lang='lat' dir='ltr'><strong>e</strong></span> <span class='ocrx_word' id='word_1_111' title='bbox 527 1597 604 1664; x_wconf 80' lang='lat' dir='ltr'><strong>Caio</strong></span> <span class='ocrx_word' id='word_1_112' title='bbox 630 1608 687 1664; x_wconf 82' lang='lat' dir='ltr'><strong>eet.</strong></span> <span class='ocrx_word' id='word_1_113' title='bbox 740 1598 860 1664; x_wconf 73' lang='lat' dir='ltr'><strong>Contra</strong></span> <span class='ocrx_word' id='word_1_114' title='bbox 887 1599 928 1663; x_wconf 84' lang='lat' dir='ltr'><strong>nb</strong></span> <span class='ocrx_word' id='word_1_115' title='bbox 955 1597 1092 1684; x_wconf 72' lang='lat' dir='ltr'><strong>Ulpiano</strong></span> <span class='ocrx_word' id='word_1_116' title='bbox 1119 1595 1276 1682; x_wconf 88' lang='lat' dir='ltr'><strong>proditum</strong></span> <span class='ocrx_word' id='word_1_117' title='bbox 1291 1615 1317 1653; x_wconf 51' lang='grc' dir='ltr'><strong>ιι</strong></span> <span class='ocrx_word' id='word_1_118' title='bbox 1334 1615 1410 1698; x_wconf 60' lang='lat' dir='ltr'><strong>elge</strong></span> 
     </span>
     <span class='ocr_line' id='line_1_14' title="bbox 181 1669 1435 1790; baseline -0.012 -24"><span class='ocrx_word' id='word_1_119' title='bbox 181 1709 240 1777; x_wconf 85' lang='lat' dir='ltr'><strong>eet,</strong></span> <span class='ocrx_word' id='word_1_120' title='bbox 266 1698 351 1784; x_wconf 89' lang='lat' dir='ltr'><strong>qnod</strong></span> <span class='ocrx_word' id='word_1_121' title='bbox 373 1699 414 1765; x_wconf 91' lang='lat' dir='ltr'><strong>de</strong></span> <span class='ocrx_word' id='word_1_122' title='bbox 441 1697 512 1763; x_wconf 88' lang='lat' dir='ltr'><strong>fure</strong></span> <span class='ocrx_word' id='word_1_123' title='bbox 537 1705 688 1762; x_wconf 88' lang='lat' dir='ltr'><strong>noeturno</strong></span> <span class='ocrx_word' id='word_1_124' title='bbox 715 1694 838 1773; x_wconf 82' lang='lat' dir='ltr'><strong>dieitur,</strong></span> <span class='ocrx_word' id='word_1_125' title='bbox 872 1695 898 1761; x_wconf 81' lang='lat' dir='ltr'><strong>ei</strong></span> <span class='ocrx_word' id='word_1_126' title='bbox 925 1696 995 1781; x_wconf 84' lang='lat' dir='ltr'><strong>quie</strong></span> <span class='ocrx_word' id='word_1_127' title='bbox 1020 1715 1091 1760; x_wconf 88' lang='lat' dir='ltr'><strong>eum</strong></span> <span class='ocrx_word' id='word_1_128' title='bbox 1120 1669 1435 1790; x_wconf 50' lang='lat' dir='ltr'><strong>0⁰05d01&#39;ihffi&#39;22ffl</strong></span> 
     </span>
     <span class='ocr_line' id='line_1_15' title="bbox 180 1777 1441 1889; baseline -0.008 -25"><span class='ocrx_word' id='word_1_129' title='bbox 180 1796 307 1885; x_wconf 89' lang='lat' dir='ltr'><strong>impune</strong></span> <span class='ocrx_word' id='word_1_130' title='bbox 322 1796 356 1863; x_wconf 93' lang='lat' dir='ltr'><strong>id</strong></span> <span class='ocrx_word' id='word_1_131' title='bbox 371 1796 466 1871; x_wconf 83' lang='lat' dir='ltr'><strong>ferre,</strong></span> <span class='ocrx_word' id='word_1_132' title='bbox 491 1794 525 1861; x_wconf 93' lang='lat' dir='ltr'><strong>id</strong></span> <span class='ocrx_word' id='word_1_133' title='bbox 549 1793 785 1882; x_wconf 85' lang='lat' dir='ltr'><strong>intelligendum</strong></span> <span class='ocrx_word' id='word_1_134' title='bbox 809 1794 856 1860; x_wconf 81' lang='lat' dir='ltr'><strong>itu</strong></span> <span class='ocrx_word' id='word_1_135' title='bbox 880 1794 1005 1860; x_wconf 90' lang='lat' dir='ltr'><strong>demum</strong></span> <span class='ocrx_word' id='word_1_136' title='bbox 1027 1792 1128 1858; x_wconf 82' lang='lat' dir='ltr'><strong>locum</strong></span> <span class='ocrx_word' id='word_1_137' title='bbox 1150 1792 1277 1867; x_wconf 79' lang='lat' dir='ltr'><strong>hebere,</strong></span> <span class='ocrx_word' id='word_1_138' title='bbox 1292 1777 1441 1889; x_wconf 49' lang='lat' dir='ltr'><strong>fflfflffi</strong></span> 
     </span>
     <span class='ocr_line' id='line_1_16' title="bbox 182 1888 1390 1982; baseline -0.007 -20"><span class='ocrx_word' id='word_1_139' title='bbox 182 1897 226 1961; x_wconf 81' lang='lat' dir='ltr'><strong>⁴ei</strong></span> <span class='ocrx_word' id='word_1_140' title='bbox 252 1917 382 1982; x_wconf 75' lang='lat' dir='ltr'><strong>puroet-e</strong></span> <span class='ocrx_word' id='word_1_141' title='bbox 407 1894 438 1961; x_wconf 92' lang='lat' dir='ltr'><strong>ei</strong></span> <span class='ocrx_word' id='word_1_142' title='bbox 463 1893 531 1960; x_wconf 85' lang='lat' dir='ltr'><strong>nine</strong></span> <span class='ocrx_word' id='word_1_143' title='bbox 556 1892 695 1981; x_wconf 76' lang='lat' dir='ltr'><strong>pertento</strong></span> <span class='ocrx_word' id='word_1_144' title='bbox 726 1913 783 1958; x_wconf 82' lang='lat' dir='ltr'><strong>nuo</strong></span> <span class='ocrx_word' id='word_1_145' title='bbox 813 1913 876 1957; x_wconf 93' lang='lat' dir='ltr'><strong>non</strong></span> <span class='ocrx_word' id='word_1_146' title='bbox 904 1891 1016 1978; x_wconf 86' lang='lat' dir='ltr'><strong>potuit,</strong></span> <span class='ocrx_word' id='word_1_147' title='bbox 1042 1888 1188 1955; x_wconf 89' lang='lat' dir='ltr'><strong>nimirum</strong></span> <span class='ocrx_word' id='word_1_148' title='bbox 1211 1910 1279 1954; x_wconf 87' lang='lat' dir='ltr'><strong>rem</strong></span> <span class='ocrx_word' id='word_1_149' title='bbox 1293 1889 1390 1975; x_wconf 52' lang='lat'><strong>3335?</strong></span> 
     </span>
     <span class='ocr_line' id='line_1_17' title="bbox 182 1996 345 2062; baseline -0.012 0"><span class='ocrx_word' id='word_1_150' title='bbox 182 1996 345 2062; x_wconf 74' lang='lat' dir='ltr'><strong>mrvnndo.</strong></span> 
     </span>
    </p>

    <p class='ocr_par' dir='ltr' id='par_1_3' title="bbox 182 2087 1282 2478">
     <span class='ocr_line' id='line_1_18' title="bbox 257 2087 1281 2181; baseline -0.008 -21"><span class='ocrx_word' id='word_1_151' title='bbox 257 2097 280 2160; x_wconf 89' lang='lat'><strong>3</strong></span> <span class='ocrx_word' id='word_1_152' title='bbox 313 2096 373 2159; x_wconf 78' lang='lat' dir='ltr'><strong>Eut</strong></span> <span class='ocrx_word' id='word_1_153' title='bbox 388 2113 476 2181; x_wconf 78' lang='lat' dir='ltr'><strong>ergo,</strong></span> <span class='ocrx_word' id='word_1_154' title='bbox 499 2099 537 2158; x_wconf 88' lang='lat' dir='ltr'><strong>ut</strong></span> <span class='ocrx_word' id='word_1_155' title='bbox 552 2089 628 2167; x_wconf 86' lang='lat' dir='ltr'><strong>dixi,</strong></span> <span class='ocrx_word' id='word_1_156' title='bbox 654 2089 833 2177; x_wconf 78' lang='lat' dir='ltr'><strong>praeeumtio</strong></span> <span class='ocrx_word' id='word_1_157' title='bbox 849 2109 909 2177; x_wconf 82' lang='lat' dir='ltr'><strong>pro</strong></span> <span class='ocrx_word' id='word_1_158' title='bbox 923 2110 971 2165; x_wconf 90' lang='lat' dir='ltr'><strong>eo,</strong></span> <span class='ocrx_word' id='word_1_159' title='bbox 994 2087 1048 2175; x_wconf 92' lang='lat' dir='ltr'><strong>qui</strong></span> <span class='ocrx_word' id='word_1_160' title='bbox 1064 2088 1166 2154; x_wconf 88' lang='lat' dir='ltr'><strong>furem</strong></span> <span class='ocrx_word' id='word_1_161' title='bbox 1186 2094 1281 2153; x_wconf 81' lang='lat' dir='ltr'><strong>noctu</strong></span> 
     </span>
     <span class='ocr_line' id='line_1_19' title="bbox 182 2187 1281 2274; baseline -0.008 -14"><span class='ocrx_word' id='word_1_162' title='bbox 182 2193 314 2260; x_wconf 84' lang='lat' dir='ltr'><strong>ooeidit:</strong></span> <span class='ocrx_word' id='word_1_163' title='bbox 339 2192 396 2258; x_wconf 84' lang='lat' dir='ltr'><strong>ned</strong></span> <span class='ocrx_word' id='word_1_164' title='bbox 417 2193 445 2257; x_wconf 85' lang='lat' dir='ltr'><strong>si</strong></span> <span class='ocrx_word' id='word_1_165' title='bbox 467 2191 551 2257; x_wconf 86' lang='lat' dir='ltr'><strong>forte</strong></span> <span class='ocrx_word' id='word_1_166' title='bbox 566 2198 663 2256; x_wconf 78' lang='lat' dir='ltr'><strong>tentes</strong></span> <span class='ocrx_word' id='word_1_167' title='bbox 683 2189 850 2266; x_wconf 74' lang='lat' dir='ltr'><strong>adfuerint,</strong></span> <span class='ocrx_word' id='word_1_168' title='bbox 875 2187 1047 2274; x_wconf 81' lang='lat' dir='ltr'><strong>exquibus</strong></span> <span class='ocrx_word' id='word_1_169' title='bbox 1072 2195 1192 2254; x_wconf 71' lang='lat' dir='ltr'><strong>murtei</strong></span> <span class='ocrx_word' id='word_1_170' title='bbox 1218 2207 1281 2251; x_wconf 91' lang='lat' dir='ltr'><strong>non</strong></span> 
     </span>
     <span class='ocr_line' id='line_1_20' title="bbox 182 2284 1282 2377; baseline -0.009 -18"><span class='ocrx_word' id='word_1_171' title='bbox 182 2293 276 2359; x_wconf 81' lang='lat' dir='ltr'><strong>fuiuee</strong></span> <span class='ocrx_word' id='word_1_172' title='bbox 294 2313 376 2368; x_wconf 91' lang='lat' dir='ltr'><strong>eum,</strong></span> <span class='ocrx_word' id='word_1_173' title='bbox 402 2290 456 2377; x_wconf 89' lang='lat' dir='ltr'><strong>qui</strong></span> <span class='ocrx_word' id='word_1_174' title='bbox 477 2290 580 2355; x_wconf 83' lang='lat' dir='ltr'><strong>furem</strong></span> <span class='ocrx_word' id='word_1_175' title='bbox 603 2287 726 2365; x_wconf 88' lang='lat' dir='ltr'><strong>oeoidit,</strong></span> <span class='ocrx_word' id='word_1_176' title='bbox 751 2288 922 2354; x_wconf 82' lang='lat' dir='ltr'><strong>edduetum</strong></span> <span class='ocrx_word' id='word_1_177' title='bbox 937 2287 971 2352; x_wconf 94' lang='lat' dir='ltr'><strong>in</strong></span> <span class='ocrx_word' id='word_1_178' title='bbox 987 2287 1061 2352; x_wconf 74' lang='lat' dir='ltr'><strong>vitm</strong></span> <span class='ocrx_word' id='word_1_179' title='bbox 1077 2307 1142 2352; x_wconf 81' lang='lat' dir='ltr'><strong>nuae</strong></span> <span class='ocrx_word' id='word_1_180' title='bbox 1162 2284 1282 2374; x_wconf 87' lang='lat' dir='ltr'><strong>perion-</strong></span> 
     </span>
     <span class='ocr_line' id='line_1_21' title="bbox 182 2383 1282 2478; baseline -0.007 -21"><span class='ocrx_word' id='word_1_181' title='bbox 182 2391 257 2468; x_wconf 90' lang='lat' dir='ltr'><strong>lum,</strong></span> <span class='ocrx_word' id='word_1_182' title='bbox 278 2389 345 2478; x_wconf 81' lang='lat' dir='ltr'><strong>jem</strong></span> <span class='ocrx_word' id='word_1_183' title='bbox 371 2387 552 2476; x_wconf 72' lang='lat' dir='ltr'><strong>presumtio</strong></span> <span class='ocrx_word' id='word_1_184' title='bbox 580 2386 640 2453; x_wconf 79' lang='lat' dir='ltr'><strong>inte</strong></span> <span class='ocrx_word' id='word_1_185' title='bbox 666 2386 809 2464; x_wconf 75' lang='lat' dir='ltr'><strong>cessabit,</strong></span> <span class='ocrx_word' id='word_1_186' title='bbox 834 2408 873 2452; x_wconf 78' lang='lat' dir='ltr'><strong>ne</strong></span> <span class='ocrx_word' id='word_1_187' title='bbox 892 2385 1024 2475; x_wconf 81' lang='lat' dir='ltr'><strong>proinde</strong></span> <span class='ocrx_word' id='word_1_188' title='bbox 1049 2385 1077 2450; x_wconf 83' lang='lat' dir='ltr'><strong>ie</strong></span> <span class='ocrx_word' id='word_1_189' title='bbox 1098 2384 1152 2472; x_wconf 91' lang='lat' dir='ltr'><strong>qni</strong></span> <span class='ocrx_word' id='word_1_190' title='bbox 1171 2383 1282 2450; x_wconf 88' lang='lat' dir='ltr'><strong>oeeidit</strong></span> 
     </span>
    </p>
   </div>
   <div class='ocr_carea' id='block_1_3' title="bbox 182 2542 1284 3273">
    <p class='ocr_par' dir='ltr' id='par_1_4' title="bbox 182 2542 1284 3273">
     <span class='ocr_line' id='line_1_22' title="bbox 182 2542 1283 2610; baseline -0.005 -16"><span class='ocrx_word' id='word_1_191' title='bbox 182 2545 267 2610; x_wconf 76' lang='lat' dir='ltr'><strong>poerit,</strong></span> <span class='ocrx_word' id='word_1_192' title='bbox 277 2544 709 2607; x_wconf 76' lang='lat' dir='ltr'><strong>udeontrnroqulndreenpernndu</strong></span> <span class='ocrx_word' id='word_1_193' title='bbox 756 2547 888 2595; x_wconf 71' lang='lat' dir='ltr'><strong>seeundum</strong></span> <span class='ocrx_word' id='word_1_194' title='bbox 900 2559 982 2607; x_wconf 76' lang='lat' dir='ltr'><strong>quum,</strong></span> <span class='ocrx_word' id='word_1_195' title='bbox 991 2548 1020 2593; x_wconf 91' lang='lat' dir='ltr'><strong>ut</strong></span> <span class='ocrx_word' id='word_1_196' title='bbox 1033 2549 1059 2593; x_wconf 86' lang='lat' dir='ltr'><strong>et</strong></span> <span class='ocrx_word' id='word_1_197' title='bbox 1067 2543 1163 2605; x_wconf 81' lang='lat' dir='ltr'><strong>legibue</strong></span> <span class='ocrx_word' id='word_1_198' title='bbox 1172 2555 1221 2591; x_wconf 72' lang='grc' dir='ltr'>ιιι.</span> <span class='ocrx_word' id='word_1_199' title='bbox 1234 2542 1283 2590; x_wconf 74' lang='grc' dir='ltr'><strong>Τι-</strong></span> 
     </span>
     <span class='ocr_line' id='line_1_23' title="bbox 183 2616 1283 2681; baseline -0.007 -10"><span class='ocrx_word' id='word_1_200' title='bbox 183 2636 223 2671; x_wconf 80' lang='lat' dir='ltr'><strong>ree</strong></span> <span class='ocrx_word' id='word_1_201' title='bbox 231 2624 324 2670; x_wconf 67' lang='lat' dir='ltr'><strong>eblum</strong></span> <span class='ocrx_word' id='word_1_202' title='bbox 333 2625 435 2681; x_wconf 78' lang='lat' dir='ltr'><strong>eogotur</strong></span> <span class='ocrx_word' id='word_1_203' title='bbox 442 2621 556 2667; x_wconf 77' lang='lat' dir='ltr'><strong>odrerrue</strong></span> <span class='ocrx_word' id='word_1_204' title='bbox 566 2620 654 2666; x_wconf 76' lang='lat' dir='ltr'><strong>Furem</strong></span> <span class='ocrx_word' id='word_1_205' title='bbox 667 2620 707 2665; x_wconf 87' lang='lat' dir='ltr'><strong>fu·</strong></span> <span class='ocrx_word' id='word_1_206' title='bbox 756 2621 876 2678; x_wconf 75' lang='lat' dir='ltr'><strong>balurum,</strong></span> <span class='ocrx_word' id='word_1_207' title='bbox 891 2625 1034 2667; x_wconf 77' lang='lat' dir='ltr'><strong>nocturnum</strong></span> <span class='ocrx_word' id='word_1_208' title='bbox 1055 2620 1134 2665; x_wconf 85' lang='lat' dir='ltr'><strong>furem</strong></span> <span class='ocrx_word' id='word_1_209' title='bbox 1153 2616 1283 2664; x_wconf 75' lang='lat' dir='ltr'><strong>omnimodo</strong></span> 
     </span>
     <span class='ocr_line' id='line_1_24' title="bbox 184 2691 1284 2759; baseline -0.009 -13"><span class='ocrx_word' id='word_1_210' title='bbox 184 2697 414 2759; x_wconf 77' lang='lat' dir='ltr'><strong>glentem‚etnrmlr</strong></span> <span class='ocrx_word' id='word_1_211' title='bbox 427 2697 533 2757; x_wconf 63' lang='lat' dir='ltr'><strong>predum</strong></span> <span class='ocrx_word' id='word_1_212' title='bbox 548 2695 611 2743; x_wconf 85' lang='lat' dir='ltr'><strong>tueri</strong></span> <span class='ocrx_word' id='word_1_213' title='bbox 625 2695 709 2741; x_wconf 88' lang='lat' dir='ltr'><strong>rolen-</strong></span> <span class='ocrx_word' id='word_1_214' title='bbox 757 2694 969 2741; x_wconf 79' lang='lat' dir='ltr'><strong>oeolderelieebet.</strong></span> <span class='ocrx_word' id='word_1_215' title='bbox 999 2691 1284 2753; x_wconf 73' lang='lat' dir='ltr'><strong>Hoeegregieprobevit</strong></span> 
     </span>
     <span class='ocr_line' id='line_1_25' title="bbox 184 2766 1283 2833; baseline -0.009 -12"><span class='ocrx_word' id='word_1_216' title='bbox 184 2778 316 2828; x_wconf 57' lang='lat' dir='ltr'><strong>temanum</strong></span> <span class='ocrx_word' id='word_1_217' title='bbox 326 2772 400 2833; x_wconf 81' lang='lat' dir='ltr'><strong>lpeim</strong></span> <span class='ocrx_word' id='word_1_218' title='bbox 407 2768 625 2817; x_wconf 78' lang='lat' dir='ltr'><strong>ritrmdefeudere.</strong></span> <span class='ocrx_word' id='word_1_219' title='bbox 640 2766 709 2815; x_wconf 85' lang='grc' dir='ltr'><strong><em>.Ῑ.Β.</em></strong></span> <span class='ocrx_word' id='word_1_220' title='bbox 758 2782 866 2816; x_wconf 81' lang='lat' dir='ltr'><strong>mmmm</strong></span> <span class='ocrx_word' id='word_1_221' title='bbox 875 2768 1067 2815; x_wconf 78' lang='lat' dir='ltr'><strong>Jurleeonrultun</strong></span> <span class='ocrx_word' id='word_1_222' title='bbox 1075 2767 1172 2814; x_wconf 68' lang='lat' dir='ltr'><strong>clanim</strong></span> <span class='ocrx_word' id='word_1_223' title='bbox 1181 2766 1283 2824; x_wconf 77' lang='lat' dir='ltr'><strong>Noour,</strong></span> 
     </span>
     <span class='ocr_line' id='line_1_26' title="bbox 228 2840 1284 2907; baseline -0.009 -12"><span class='ocrx_word' id='word_1_224' title='bbox 228 2847 240 2876; x_wconf 89' lang='lat'><strong>⁴</strong></span> <span class='ocrx_word' id='word_1_225' title='bbox 253 2847 284 2893; x_wconf 90' lang='lat' dir='ltr'><strong>ln</strong></span> <span class='ocrx_word' id='word_1_226' title='bbox 298 2846 355 2907; x_wconf 77' lang='lat' dir='ltr'><strong>lego</strong></span> <span class='ocrx_word' id='word_1_227' title='bbox 368 2844 418 2902; x_wconf 62' lang='lat' dir='ltr'><strong>illm</strong></span> <span class='ocrx_word' id='word_1_228' title='bbox 433 2857 482 2890; x_wconf 87' lang='lat' dir='ltr'><strong>non</strong></span> <span class='ocrx_word' id='word_1_229' title='bbox 498 2856 541 2888; x_wconf 82' lang='lat' dir='ltr'><strong>ruo</strong></span> <span class='ocrx_word' id='word_1_230' title='bbox 554 2842 609 2887; x_wconf 81' lang='lat' dir='ltr'><strong>loeo</strong></span> <span class='ocrx_word' id='word_1_231' title='bbox 618 2842 649 2885; x_wconf 71' lang='lat' dir='ltr'><strong>ab</strong></span> <span class='ocrx_word' id='word_1_232' title='bbox 659 2840 709 2885; x_wconf 79' lang='lat' dir='ltr'><strong>Ar-</strong></span> <span class='ocrx_word' id='word_1_233' title='bbox 758 2840 1284 2902; x_wconf 67' lang='lat' dir='ltr'><strong>Protaanr.1.1&#39;o.1.eep.lx.eeAaL090m</strong></span> 
     </span>
     <span class='ocr_line' id='line_1_27' title="bbox 185 2912 1284 2978; baseline -0.008 -11"><span class='ocrx_word' id='word_1_234' title='bbox 185 2920 294 2968; x_wconf 78' lang='lat' dir='ltr'><strong>ehiteotlr</strong></span> <span class='ocrx_word' id='word_1_235' title='bbox 314 2918 384 2965; x_wconf 81' lang='lat' dir='ltr'><strong>Jmir</strong></span> <span class='ocrx_word' id='word_1_236' title='bbox 403 2917 507 2964; x_wconf 68' lang='lat' dir='ltr'><strong>nomem</strong></span> <span class='ocrx_word' id='word_1_237' title='bbox 526 2913 613 2975; x_wconf 69' lang='lat' dir='ltr'><strong>positu,</strong></span> <span class='ocrx_word' id='word_1_238' title='bbox 628 2913 711 2973; x_wconf 73' lang='lat' dir='ltr'><strong>egitur</strong></span> <span class='ocrx_word' id='word_1_239' title='bbox 757 2918 839 2978; x_wconf 73' lang='lat' dir='ltr'><strong>Aqnfl.</strong></span> <span class='ocrx_word' id='word_1_240' title='bbox 854 2930 907 2977; x_wconf 80' lang='lat' dir='ltr'><strong>oep.</strong></span> <span class='ocrx_word' id='word_1_241' title='bbox 918 2931 941 2962; x_wconf 84' lang='lat' dir='ltr'><strong>v.</strong></span> <span class='ocrx_word' id='word_1_242' title='bbox 957 2928 1102 2976; x_wconf 79' lang='lat' dir='ltr'><strong>quemquem</strong></span> <span class='ocrx_word' id='word_1_243' title='bbox 1115 2912 1220 2959; x_wconf 77' lang='lat' dir='ltr'><strong>rutlonee</strong></span> <span class='ocrx_word' id='word_1_244' title='bbox 1233 2913 1284 2973; x_wconf 81' lang='lat' dir='ltr'><strong>ejun</strong></span> 
     </span>
     <span class='ocr_line' id='line_1_28' title="bbox 185 2982 1282 3054; baseline -0.012 -12"><span class='ocrx_word' id='word_1_245' title='bbox 185 2996 216 3042; x_wconf 84' lang='lat' dir='ltr'><strong>de</strong></span> <span class='ocrx_word' id='word_1_246' title='bbox 229 2994 297 3054; x_wconf 78' lang='lat' dir='ltr'><strong>Lege</strong></span> <span class='ocrx_word' id='word_1_247' title='bbox 311 2992 417 3052; x_wconf 73' lang='lat' dir='ltr'><strong>Aqm&#39;lir,</strong></span> <span class='ocrx_word' id='word_1_248' title='bbox 430 3003 484 3050; x_wconf 77' lang='lat' dir='ltr'><strong>qun</strong></span> <span class='ocrx_word' id='word_1_249' title='bbox 495 2988 598 3048; x_wconf 70' lang='lat' dir='ltr'><strong>jubenm</strong></span> <span class='ocrx_word' id='word_1_250' title='bbox 612 3000 710 3046; x_wconf 74' lang='lat' dir='ltr'><strong>repert-</strong></span> <span class='ocrx_word' id='word_1_251' title='bbox 758 2987 895 3035; x_wconf 85' lang='lat' dir='ltr'><strong>oonvellere</strong></span> <span class='ocrx_word' id='word_1_252' title='bbox 908 2998 985 3045; x_wconf 81' lang='lat' dir='ltr'><strong>nuper</strong></span> <span class='ocrx_word' id='word_1_253' title='bbox 999 2990 1099 3031; x_wconf 77' lang='lat' dir='ltr'><strong>conetur</strong></span> <span class='ocrx_word' id='word_1_254' title='bbox 1109 2988 1146 3030; x_wconf 81' lang='lat' dir='ltr'><strong>eet</strong></span> <span class='ocrx_word' id='word_1_255' title='bbox 1158 2984 1203 3031; x_wconf 85' lang='lat' dir='ltr'><strong>Vir</strong></span> <span class='ocrx_word' id='word_1_256' title='bbox 1217 2982 1282 3030; x_wconf 80' lang='lat' dir='ltr'><strong>Eru-</strong></span> 
     </span>
     <span class='ocr_line' id='line_1_29' title="bbox 185 3058 1282 3122; baseline -0.008 -7"><span class='ocrx_word' id='word_1_257' title='bbox 185 3069 275 3115; x_wconf 78' lang='lat' dir='ltr'><strong>tionem</strong></span> <span class='ocrx_word' id='word_1_258' title='bbox 291 3068 372 3113; x_wconf 78' lang='lat' dir='ltr'><strong>demut</strong></span> <span class='ocrx_word' id='word_1_259' title='bbox 389 3066 440 3111; x_wconf 73' lang='lat' dir='ltr'><strong>detl</strong></span> <span class='ocrx_word' id='word_1_260' title='bbox 455 3066 487 3109; x_wconf 83' lang='lat' dir='ltr'><strong>nb</strong></span> <span class='ocrx_word' id='word_1_261' title='bbox 504 3077 542 3119; x_wconf 89' lang='lat' dir='ltr'><strong>eo,</strong></span> <span class='ocrx_word' id='word_1_262' title='bbox 557 3062 599 3122; x_wconf 88' lang='lat' dir='ltr'><strong>qul</strong></span> <span class='ocrx_word' id='word_1_263' title='bbox 616 3075 710 3107; x_wconf 77' lang='lat' dir='ltr'><strong>terrum</strong></span> <span class='ocrx_word' id='word_1_264' title='bbox 758 3062 897 3117; x_wconf 71' lang='lat' dir='ltr'><strong>ditissimus,</strong></span> <span class='ocrx_word' id='word_1_265' title='bbox 908 3060 933 3108; x_wconf 83' lang='lat' dir='ltr'><strong>J.</strong></span> <span class='ocrx_word' id='word_1_266' title='bbox 948 3074 994 3106; x_wconf 82' lang='lat' dir='ltr'><strong>run</strong></span> <span class='ocrx_word' id='word_1_267' title='bbox 1004 3060 1034 3105; x_wconf 86' lang='lat' dir='ltr'><strong>de</strong></span> <span class='ocrx_word' id='word_1_268' title='bbox 1044 3060 1137 3115; x_wconf 76' lang='lat' dir='ltr'><strong>Wnter,</strong></span> <span class='ocrx_word' id='word_1_269' title='bbox 1153 3058 1209 3106; x_wconf 75' lang='lat' dir='ltr'><strong>Oto.</strong></span> <span class='ocrx_word' id='word_1_270' title='bbox 1225 3059 1282 3106; x_wconf 85' lang='lat' dir='ltr'><strong>Jur.</strong></span> 
     </span>
     <span class='ocr_line' id='line_1_30' title="bbox 186 3123 1137 3198; baseline -0.008 -11"><span class='ocrx_word' id='word_1_271' title='bbox 186 3142 290 3188; x_wconf 72' lang='lat' dir='ltr'><strong>nlieunm</strong></span> <span class='ocrx_word' id='word_1_272' title='bbox 302 3141 328 3185; x_wconf 86' lang='lat' dir='ltr'><strong>in</strong></span> <span class='ocrx_word' id='word_1_273' title='bbox 342 3140 408 3185; x_wconf 84' lang='lat' dir='ltr'><strong>furto</strong></span> <span class='ocrx_word' id='word_1_274' title='bbox 423 3138 597 3198; x_wconf 72' lang='lat' dir='ltr'><strong>deprehensum</strong></span> <span class='ocrx_word' id='word_1_275' title='bbox 610 3136 711 3182; x_wconf 86' lang='lat' dir='ltr'><strong>interfe-</strong></span> <span class='ocrx_word' id='word_1_276' title='bbox 758 3135 829 3182; x_wconf 77' lang='lat' dir='ltr'><strong>Rom.</strong></span> <span class='ocrx_word' id='word_1_277' title='bbox 840 3134 893 3181; x_wconf 84' lang='lat' dir='ltr'><strong>Lib.</strong></span> <span class='ocrx_word' id='word_1_278' title='bbox 904 3146 923 3181; x_wconf 91' lang='lat'><strong>1.</strong></span> <span class='ocrx_word' id='word_1_279' title='bbox 935 3147 989 3193; x_wconf 72' lang='lat' dir='ltr'><strong>etp.</strong></span> <span class='ocrx_word' id='word_1_280' title='bbox 998 3134 1035 3180; x_wconf 86' lang='grc'><strong>18.</strong></span> <span class='ocrx_word' id='word_1_281' title='bbox 1067 3132 1095 3180; x_wconf 88' lang='lat' dir='ltr'><strong>J.</strong></span> <span class='ocrx_word' id='word_1_282' title='bbox 1105 3123 1137 3179; x_wconf 79' lang='lat' dir='ltr'><strong>B.</strong></span> 
     </span>
     <span class='ocr_line' id='line_1_31' title="bbox 187 3210 711 3273; baseline -0.008 -11"><span class='ocrx_word' id='word_1_283' title='bbox 187 3219 269 3273; x_wconf 58' lang='lat' dir='ltr'><strong>term</strong></span> <span class='ocrx_word' id='word_1_284' title='bbox 289 3226 338 3261; x_wconf 89' lang='lat' dir='ltr'><strong>non</strong></span> <span class='ocrx_word' id='word_1_285' title='bbox 354 3217 436 3261; x_wconf 75' lang='lat' dir='ltr'><strong>nutem</strong></span> <span class='ocrx_word' id='word_1_286' title='bbox 453 3213 483 3259; x_wconf 88' lang='lat' dir='ltr'><strong>de</strong></span> <span class='ocrx_word' id='word_1_287' title='bbox 503 3212 570 3272; x_wconf 76' lang='lat' dir='ltr'><strong>Lege</strong></span> <span class='ocrx_word' id='word_1_288' title='bbox 590 3210 711 3268; x_wconf 65' lang='lat' dir='ltr'><strong>eonem</strong></span> 
     </span>
    </p>
   </div>
   <div class='ocr_carea' id='block_1_4' title="bbox 187 3453 1292 4555">
    <p class='ocr_par' dir='ltr' id='par_1_5' title="bbox 187 3453 1292 3958">
     <span class='ocr_line' id='line_1_32' title="bbox 243 3453 1285 3529; baseline -0.005 -15"><span class='ocrx_word' id='word_1_289' title='bbox 243 3465 261 3514; x_wconf 84' lang='lat'>2</span> <span class='ocrx_word' id='word_1_290' title='bbox 282 3458 345 3514; x_wconf 77' lang='lat' dir='ltr'><strong>&#39;she</strong></span> <span class='ocrx_word' id='word_1_291' title='bbox 357 3456 509 3513; x_wconf 79' lang='lat' dir='ltr'><strong>differente</strong></span> <span class='ocrx_word' id='word_1_292' title='bbox 525 3456 651 3529; x_wconf 81' lang='lat' dir='ltr'><strong>depende</strong></span> <span class='ocrx_word' id='word_1_293' title='bbox 664 3457 735 3514; x_wconf 87' lang='lat' dir='ltr'><strong>theu</strong></span> <span class='ocrx_word' id='word_1_294' title='bbox 752 3472 790 3513; x_wconf 94' lang='lat' dir='ltr'><strong>ou</strong></span> <span class='ocrx_word' id='word_1_295' title='bbox 807 3457 881 3523; x_wconf 65' lang='lat' dir='ltr'><strong>thiae</strong></span> <span class='ocrx_word' id='word_1_296' title='bbox 899 3456 963 3512; x_wconf 77' lang='lat' dir='ltr'><strong>thet</strong></span> <span class='ocrx_word' id='word_1_297' title='bbox 973 3455 1013 3528; x_wconf 76' lang='lat' dir='ltr'><strong>hy</strong></span> <span class='ocrx_word' id='word_1_298' title='bbox 1023 3454 1104 3527; x_wconf 83' lang='lat' dir='ltr'><strong>night</strong></span> <span class='ocrx_word' id='word_1_299' title='bbox 1114 3453 1195 3511; x_wconf 85' lang='lat' dir='ltr'><strong>there</strong></span> <span class='ocrx_word' id='word_1_300' title='bbox 1210 3454 1234 3510; x_wconf 81' lang='lat' dir='ltr'><strong>le</strong></span> <span class='ocrx_word' id='word_1_301' title='bbox 1247 3471 1285 3509; x_wconf 94' lang='lat' dir='ltr'><strong>no</strong></span> 
     </span>
     <span class='ocr_line' id='line_1_33' title="bbox 187 3540 1286 3616; baseline -0.005 -15"><span class='ocrx_word' id='word_1_302' title='bbox 187 3545 340 3616; x_wconf 70' lang='lat' dir='ltr'><strong>testimony</strong></span> <span class='ocrx_word' id='word_1_303' title='bbox 357 3549 389 3600; x_wconf 87' lang='lat' dir='ltr'><strong>to</strong></span> <span class='ocrx_word' id='word_1_304' title='bbox 402 3544 439 3599; x_wconf 90' lang='lat' dir='ltr'><strong>bo</strong></span> <span class='ocrx_word' id='word_1_305' title='bbox 452 3543 509 3598; x_wconf 83' lang='lat' dir='ltr'><strong>hed</strong></span> <span class='ocrx_word' id='word_1_306' title='bbox 516 3562 526 3609; x_wconf 68' lang='grc' dir='ltr'><strong>ς</strong></span> <span class='ocrx_word' id='word_1_307' title='bbox 542 3544 601 3598; x_wconf 84' lang='lat' dir='ltr'><strong>und</strong></span> <span class='ocrx_word' id='word_1_308' title='bbox 611 3544 754 3601; x_wconf 75' lang='lat' dir='ltr'><strong>therefore</strong></span> <span class='ocrx_word' id='word_1_309' title='bbox 763 3543 791 3599; x_wconf 87' lang='lat' dir='ltr'><strong>if</strong></span> <span class='ocrx_word' id='word_1_310' title='bbox 800 3543 850 3599; x_wconf 88' lang='lat' dir='ltr'><strong>tho</strong></span> <span class='ocrx_word' id='word_1_311' title='bbox 864 3542 940 3597; x_wconf 86' lang='lat' dir='ltr'><strong>thief</strong></span> <span class='ocrx_word' id='word_1_312' title='bbox 947 3542 983 3597; x_wconf 90' lang='lat' dir='ltr'><strong>be</strong></span> <span class='ocrx_word' id='word_1_313' title='bbox 996 3541 1087 3597; x_wconf 86' lang='lat' dir='ltr'><strong>found</strong></span> <span class='ocrx_word' id='word_1_314' title='bbox 1101 3541 1181 3606; x_wconf 73' lang='lat' dir='ltr'><strong>elain,</strong></span> <span class='ocrx_word' id='word_1_315' title='bbox 1196 3540 1286 3596; x_wconf 80' lang='lat' dir='ltr'><strong>eredit</strong></span> 
     </span>
     <span class='ocr_line' id='line_1_34' title="bbox 187 3625 1284 3702; baseline -0.005 -16"><span class='ocrx_word' id='word_1_316' title='bbox 187 3631 212 3686; x_wconf 83' lang='lat' dir='ltr'><strong>in</strong></span> <span class='ocrx_word' id='word_1_317' title='bbox 225 3636 256 3686; x_wconf 90' lang='lat' dir='ltr'><strong>te</strong></span> <span class='ocrx_word' id='word_1_318' title='bbox 266 3630 303 3684; x_wconf 91' lang='lat' dir='ltr'><strong>be</strong></span> <span class='ocrx_word' id='word_1_319' title='bbox 313 3631 398 3701; x_wconf 83' lang='lat' dir='ltr'><strong>given</strong></span> <span class='ocrx_word' id='word_1_320' title='bbox 409 3634 440 3684; x_wconf 87' lang='lat' dir='ltr'><strong>to</strong></span> <span class='ocrx_word' id='word_1_321' title='bbox 452 3628 513 3683; x_wconf 89' lang='lat' dir='ltr'><strong>him</strong></span> <span class='ocrx_word' id='word_1_322' title='bbox 524 3628 586 3683; x_wconf 95' lang='lat' dir='ltr'><strong>who</strong></span> <span class='ocrx_word' id='word_1_323' title='bbox 600 3646 663 3702; x_wconf 73' lang='lat' dir='ltr'><strong>enyo</strong></span> <span class='ocrx_word' id='word_1_324' title='bbox 677 3629 740 3685; x_wconf 73' lang='lat' dir='ltr'><strong>thet</strong></span> <span class='ocrx_word' id='word_1_325' title='bbox 753 3629 791 3685; x_wconf 90' lang='lat' dir='ltr'><strong>he</strong></span> <span class='ocrx_word' id='word_1_326' title='bbox 804 3630 871 3685; x_wconf 84' lang='lat' dir='ltr'><strong>nlew</strong></span> <span class='ocrx_word' id='word_1_327' title='bbox 884 3628 944 3683; x_wconf 91' lang='lat' dir='ltr'><strong>him</strong></span> <span class='ocrx_word' id='word_1_328' title='bbox 956 3629 986 3683; x_wconf 92' lang='lat' dir='ltr'><strong>in</strong></span> <span class='ocrx_word' id='word_1_329' title='bbox 996 3628 1149 3696; x_wconf 82' lang='lat' dir='ltr'><strong>defending</strong></span> <span class='ocrx_word' id='word_1_330' title='bbox 1160 3626 1204 3681; x_wconf 82' lang='lat' dir='ltr'><strong>hie</strong></span> <span class='ocrx_word' id='word_1_331' title='bbox 1217 3625 1284 3681; x_wconf 80' lang='lat' dir='ltr'><strong>life:</strong></span> 
     </span>
     <span class='ocr_line' id='line_1_35' title="bbox 187 3712 1292 3787; baseline -0.006 -16"><span class='ocrx_word' id='word_1_332' title='bbox 187 3715 251 3771; x_wconf 80' lang='lat' dir='ltr'><strong>thet</strong></span> <span class='ocrx_word' id='word_1_333' title='bbox 263 3718 297 3781; x_wconf 83' lang='lat' dir='ltr'><strong>ln,</strong></span> <span class='ocrx_word' id='word_1_334' title='bbox 310 3716 336 3770; x_wconf 91' lang='lat' dir='ltr'><strong>if</strong></span> <span class='ocrx_word' id='word_1_335' title='bbox 346 3715 385 3771; x_wconf 90' lang='lat' dir='ltr'><strong>he</strong></span> <span class='ocrx_word' id='word_1_336' title='bbox 396 3714 432 3770; x_wconf 88' lang='lat' dir='ltr'><strong>he</strong></span> <span class='ocrx_word' id='word_1_337' title='bbox 445 3714 535 3770; x_wconf 86' lang='lat' dir='ltr'><strong>found</strong></span> <span class='ocrx_word' id='word_1_338' title='bbox 546 3714 614 3770; x_wconf 89' lang='lat' dir='ltr'><strong>with</strong></span> <span class='ocrx_word' id='word_1_339' title='bbox 627 3732 683 3787; x_wconf 78' lang='lat' dir='ltr'><strong>eny</strong></span> <span class='ocrx_word' id='word_1_340' title='bbox 693 3714 803 3771; x_wconf 85' lang='lat' dir='ltr'><strong>hurtful</strong></span> <span class='ocrx_word' id='word_1_341' title='bbox 817 3716 993 3770; x_wconf 79' lang='lat' dir='ltr'><strong>hutrument</strong></span> <span class='ocrx_word' id='word_1_342' title='bbox 1028 3712 1115 3768; x_wconf 89' lang='lat' dir='ltr'><strong>Dent.</strong></span> <span class='ocrx_word' id='word_1_343' title='bbox 1124 3712 1188 3766; x_wconf 84' lang='lat' dir='ltr'><strong>xxii.</strong></span> <span class='ocrx_word' id='word_1_344' title='bbox 1199 3717 1233 3765; x_wconf 75' lang='lat'><strong>22</strong></span> <span class='ocrx_word' id='word_1_345' title='bbox 1255 3712 1292 3785; x_wconf 84' lang='lat' dir='ltr'><strong>If</strong></span> 
     </span>
     <span class='ocr_line' id='line_1_36' title="bbox 188 3799 1288 3873; baseline -0.004 -18"><span class='ocrx_word' id='word_1_346' title='bbox 188 3820 208 3855; x_wconf 82' lang='lat' dir='ltr'><strong><em>a</em></strong></span> <span class='ocrx_word' id='word_1_347' title='bbox 226 3802 300 3872; x_wconf 79' lang='lat' dir='ltr'><strong>thies</strong></span> <span class='ocrx_word' id='word_1_348' title='bbox 307 3804 336 3857; x_wconf 84' lang='lat' dir='ltr'><strong>he</strong></span> <span class='ocrx_word' id='word_1_349' title='bbox 345 3802 442 3873; x_wconf 73' lang='lat' dir='ltr'><strong>seond</strong></span> <span class='ocrx_word' id='word_1_350' title='bbox 451 3801 579 3872; x_wconf 68' lang='lat' dir='ltr'><strong>hreokiue</strong></span> <span class='ocrx_word' id='word_1_351' title='bbox 592 3818 639 3873; x_wconf 75' lang='lat' dir='ltr'><strong>up,</strong></span> <span class='ocrx_word' id='word_1_352' title='bbox 651 3800 754 3857; x_wconf 84' lang='lat' dir='ltr'><strong>ehould</strong></span> <span class='ocrx_word' id='word_1_353' title='bbox 764 3802 801 3856; x_wconf 89' lang='lat' dir='ltr'><strong>be</strong></span> <span class='ocrx_word' id='word_1_354' title='bbox 815 3800 978 3865; x_wconf 73' lang='lat' dir='ltr'><strong>translated,</strong></span> <span class='ocrx_word' id='word_1_355' title='bbox 991 3799 1056 3855; x_wconf 76' lang='lat' dir='ltr'><strong>with</strong></span> <span class='ocrx_word' id='word_1_356' title='bbox 1073 3816 1092 3854; x_wconf 86' lang='lat' dir='ltr'><strong>o</strong></span> <span class='ocrx_word' id='word_1_357' title='bbox 1108 3814 1219 3869; x_wconf 79' lang='lat' dir='ltr'><strong>weopon</strong></span> <span class='ocrx_word' id='word_1_358' title='bbox 1231 3799 1288 3868; x_wconf 83' lang='lat' dir='ltr'><strong>sor</strong></span> 
     </span>
     <span class='ocr_line' id='line_1_37' title="bbox 188 3886 712 3958; baseline 0.004 -18"><span class='ocrx_word' id='word_1_359' title='bbox 188 3886 315 3957; x_wconf 62' lang='lat' dir='ltr'><strong>hreotiw</strong></span> <span class='ocrx_word' id='word_1_360' title='bbox 329 3888 452 3958; x_wconf 62' lang='lat' dir='ltr'><strong>theoteni.</strong></span> <span class='ocrx_word' id='word_1_361' title='bbox 491 3887 531 3942; x_wconf 78' lang='lat' dir='ltr'><strong>So</strong></span> <span class='ocrx_word' id='word_1_362' title='bbox 544 3887 604 3942; x_wconf 82' lang='lat' dir='ltr'><strong>Jer.</strong></span> <span class='ocrx_word' id='word_1_363' title='bbox 619 3888 649 3941; x_wconf 89' lang='lat' dir='ltr'><strong>ii.</strong></span> <span class='ocrx_word' id='word_1_364' title='bbox 667 3893 712 3944; x_wconf 74' lang='lat'><strong>34.</strong></span> 
     </span>
    </p>

    <p class='ocr_par' dir='ltr' id='par_1_6' title="bbox 189 3967 1287 4300">
     <span class='ocr_line' id='line_1_38' title="bbox 247 3967 1286 4029; baseline -0.003 -4"><span class='ocrx_word' id='word_1_365' title='bbox 247 3971 286 4025; x_wconf 77' lang='lat' dir='ltr'><strong>So</strong></span> <span class='ocrx_word' id='word_1_366' title='bbox 307 3971 357 4027; x_wconf 86' lang='lat' dir='ltr'><strong>the</strong></span> <span class='ocrx_word' id='word_1_367' title='bbox 374 3972 428 4026; x_wconf 77' lang='lat' dir='ltr'><strong>lew</strong></span> <span class='ocrx_word' id='word_1_368' title='bbox 441 3972 475 4027; x_wconf 86' lang='lat' dir='ltr'><strong>of</strong></span> <span class='ocrx_word' id='word_1_369' title='bbox 485 3971 536 4027; x_wconf 85' lang='lat' dir='ltr'><strong>the</strong></span> <span class='ocrx_word' id='word_1_370' title='bbox 552 3972 666 4027; x_wconf 78' lang='lat' dir='ltr'><strong>Twelve</strong></span> <span class='ocrx_word' id='word_1_371' title='bbox 681 3972 783 4029; x_wconf 82' lang='lat' dir='ltr'><strong>Tnbleo</strong></span> <span class='ocrx_word' id='word_1_372' title='bbox 799 3970 909 4027; x_wconf 87' lang='lat' dir='ltr'><strong>forbide</strong></span> <span class='ocrx_word' id='word_1_373' title='bbox 923 3970 973 4025; x_wconf 90' lang='lat' dir='ltr'><strong>the</strong></span> <span class='ocrx_word' id='word_1_374' title='bbox 990 3968 1102 4025; x_wconf 81' lang='lat' dir='ltr'><strong>diumnl</strong></span> <span class='ocrx_word' id='word_1_375' title='bbox 1119 3968 1194 4024; x_wconf 87' lang='lat' dir='ltr'><strong>thief</strong></span> <span class='ocrx_word' id='word_1_376' title='bbox 1208 3967 1286 4023; x_wconf 87' lang='lat' dir='ltr'><strong>tube</strong></span> 
     </span>
     <span class='ocr_line' id='line_1_39' title="bbox 189 4053 1287 4128; baseline -0.002 -20"><span class='ocrx_word' id='word_1_377' title='bbox 189 4054 284 4119; x_wconf 83' lang='lat' dir='ltr'><strong>killed,</strong></span> <span class='ocrx_word' id='word_1_378' title='bbox 294 4062 394 4127; x_wconf 84' lang='lat' dir='ltr'><strong>exeopt</strong></span> <span class='ocrx_word' id='word_1_379' title='bbox 403 4056 441 4111; x_wconf 92' lang='lat' dir='ltr'><strong>he</strong></span> <span class='ocrx_word' id='word_1_380' title='bbox 452 4056 593 4113; x_wconf 80' lang='lat' dir='ltr'><strong>defended</strong></span> <span class='ocrx_word' id='word_1_381' title='bbox 602 4056 719 4113; x_wconf 70' lang='lat' dir='ltr'><strong>himself</strong></span> <span class='ocrx_word' id='word_1_382' title='bbox 726 4057 794 4113; x_wconf 67' lang='lat' dir='ltr'><strong>with</strong></span> <span class='ocrx_word' id='word_1_383' title='bbox 804 4074 823 4113; x_wconf 82' lang='lat' dir='ltr'><strong>e</strong></span> <span class='ocrx_word' id='word_1_384' title='bbox 834 4072 959 4128; x_wconf 81' lang='lat' dir='ltr'><strong>weupon.</strong></span> <span class='ocrx_word' id='word_1_385' title='bbox 991 4056 1037 4111; x_wconf 88' lang='lat' dir='ltr'><strong>On</strong></span> <span class='ocrx_word' id='word_1_386' title='bbox 1048 4054 1098 4109; x_wconf 89' lang='lat' dir='ltr'><strong>the</strong></span> <span class='ocrx_word' id='word_1_387' title='bbox 1109 4054 1193 4110; x_wconf 88' lang='lat' dir='ltr'><strong>other</strong></span> <span class='ocrx_word' id='word_1_388' title='bbox 1202 4053 1287 4116; x_wconf 78' lang='lat' dir='ltr'><strong>hund,</strong></span> 
     </span>
     <span class='ocr_line' id='line_1_40' title="bbox 189 4137 1287 4210; baseline -0.003 -17"><span class='ocrx_word' id='word_1_389' title='bbox 189 4139 295 4210; x_wconf 82' lang='lat' dir='ltr'><strong>Ulpinn</strong></span> <span class='ocrx_word' id='word_1_390' title='bbox 315 4139 429 4196; x_wconf 79' lang='lat' dir='ltr'><strong>teuehen</strong></span> <span class='ocrx_word' id='word_1_391' title='bbox 442 4140 506 4196; x_wconf 77' lang='lat' dir='ltr'><strong>thet</strong></span> <span class='ocrx_word' id='word_1_392' title='bbox 522 4159 540 4196; x_wconf 85' lang='grc' dir='ltr'><strong>ιι</strong></span> <span class='ocrx_word' id='word_1_393' title='bbox 560 4159 627 4197; x_wconf 77' lang='lat' dir='ltr'><strong>meu</strong></span> <span class='ocrx_word' id='word_1_394' title='bbox 641 4142 704 4199; x_wconf 89' lang='lat' dir='ltr'><strong>who</strong></span> <span class='ocrx_word' id='word_1_395' title='bbox 725 4143 789 4197; x_wconf 85' lang='lat' dir='ltr'><strong>kilh</strong></span> <span class='ocrx_word' id='word_1_396' title='bbox 810 4158 829 4196; x_wconf 83' lang='lat' dir='ltr'><strong>n</strong></span> <span class='ocrx_word' id='word_1_397' title='bbox 845 4142 993 4197; x_wconf 85' lang='lat' dir='ltr'><strong>noeturnul</strong></span> <span class='ocrx_word' id='word_1_398' title='bbox 1007 4140 1082 4195; x_wconf 76' lang='lat' dir='ltr'><strong>thiel</strong></span> <span class='ocrx_word' id='word_1_399' title='bbox 1100 4141 1168 4195; x_wconf 81' lang='lat' dir='ltr'><strong>doen</strong></span> <span class='ocrx_word' id='word_1_400' title='bbox 1182 4140 1206 4193; x_wconf 90' lang='lat' dir='ltr'><strong>it</strong></span> <span class='ocrx_word' id='word_1_401' title='bbox 1219 4137 1287 4191; x_wconf 87' lang='lat' dir='ltr'><strong>with</strong></span> 
     </span>
     <span class='ocr_line' id='line_1_41' title="bbox 189 4224 946 4300; baseline 0.004 -22"><span class='ocrx_word' id='word_1_402' title='bbox 189 4224 338 4296; x_wconf 76' lang='lat' dir='ltr'><strong>impunity,</strong></span> <span class='ocrx_word' id='word_1_403' title='bbox 351 4224 378 4278; x_wconf 89' lang='lat' dir='ltr'><strong>if</strong></span> <span class='ocrx_word' id='word_1_404' title='bbox 387 4224 425 4279; x_wconf 90' lang='lat' dir='ltr'><strong>he</strong></span> <span class='ocrx_word' id='word_1_405' title='bbox 439 4226 522 4281; x_wconf 81' lang='lat' dir='ltr'><strong>could</strong></span> <span class='ocrx_word' id='word_1_406' title='bbox 534 4234 587 4282; x_wconf 88' lang='lat' dir='ltr'><strong>not</strong></span> <span class='ocrx_word' id='word_1_407' title='bbox 600 4228 718 4284; x_wconf 79' lang='lat' dir='ltr'><strong>without</strong></span> <span class='ocrx_word' id='word_1_408' title='bbox 732 4228 805 4300; x_wconf 88' lang='lat' dir='ltr'><strong>peril</strong></span> <span class='ocrx_word' id='word_1_409' title='bbox 818 4227 901 4283; x_wconf 74' lang='lat' dir='ltr'><strong>avoid</strong></span> <span class='ocrx_word' id='word_1_410' title='bbox 914 4227 946 4281; x_wconf 90' lang='lat' dir='ltr'><strong>it.</strong></span> 
     </span>
    </p>

    <p class='ocr_par' dir='ltr' id='par_1_7' title="bbox 188 4305 1290 4555">
     <span class='ocr_line' id='line_1_42' title="bbox 246 4305 1290 4384; baseline -0.004 -21"><span class='ocrx_word' id='word_1_411' title='bbox 246 4314 265 4364; x_wconf 78' lang='lat'><em>8</em></span> <span class='ocrx_word' id='word_1_412' title='bbox 286 4308 351 4363; x_wconf 78' lang='lat' dir='ltr'><strong>And</strong></span> <span class='ocrx_word' id='word_1_413' title='bbox 367 4307 516 4376; x_wconf 84' lang='lat' dir='ltr'><strong>therefore,</strong></span> <span class='ocrx_word' id='word_1_414' title='bbox 533 4326 564 4367; x_wconf 82' lang='lat' dir='ltr'><strong>ue</strong></span> <span class='ocrx_word' id='word_1_415' title='bbox 575 4313 591 4367; x_wconf 95' lang='lat'>1</span> <span class='ocrx_word' id='word_1_416' title='bbox 604 4312 676 4369; x_wconf 87' lang='lat' dir='ltr'><strong>hure</strong></span> <span class='ocrx_word' id='word_1_417' title='bbox 690 4313 760 4379; x_wconf 76' lang='lat' dir='ltr'><strong>mid,</strong></span> <span class='ocrx_word' id='word_1_418' title='bbox 774 4312 824 4368; x_wconf 83' lang='lat' dir='ltr'><strong>the</strong></span> <span class='ocrx_word' id='word_1_419' title='bbox 837 4312 1031 4384; x_wconf 71' lang='lat' dir='ltr'><strong>presumption</strong></span> <span class='ocrx_word' id='word_1_420' title='bbox 1048 4311 1072 4365; x_wconf 81' lang='lat' dir='ltr'><strong>in</strong></span> <span class='ocrx_word' id='word_1_421' title='bbox 1090 4308 1120 4363; x_wconf 89' lang='lat' dir='ltr'><strong>iu</strong></span> <span class='ocrx_word' id='word_1_422' title='bbox 1137 4308 1239 4363; x_wconf 76' lang='lat' dir='ltr'><strong>ferour</strong></span> <span class='ocrx_word' id='word_1_423' title='bbox 1256 4305 1290 4360; x_wconf 88' lang='lat' dir='ltr'><strong>of</strong></span> 
     </span>
     <span class='ocr_line' id='line_1_43' title="bbox 188 4389 1287 4464; baseline -0.004 -15"><span class='ocrx_word' id='word_1_424' title='bbox 188 4392 249 4449; x_wconf 89' lang='lat' dir='ltr'><strong>him</strong></span> <span class='ocrx_word' id='word_1_425' title='bbox 262 4393 325 4448; x_wconf 90' lang='lat' dir='ltr'><strong>who</strong></span> <span class='ocrx_word' id='word_1_426' title='bbox 335 4394 400 4449; x_wconf 85' lang='lat' dir='ltr'><strong>kille</strong></span> <span class='ocrx_word' id='word_1_427' title='bbox 415 4394 464 4450; x_wconf 91' lang='lat' dir='ltr'><strong>the</strong></span> <span class='ocrx_word' id='word_1_428' title='bbox 477 4399 626 4452; x_wconf 71' lang='lat' dir='ltr'><strong>nocturnal</strong></span> <span class='ocrx_word' id='word_1_429' title='bbox 636 4398 712 4453; x_wconf 87' lang='lat' dir='ltr'><strong>thief</strong></span> <span class='ocrx_word' id='word_1_430' title='bbox 717 4418 725 4464; x_wconf 72' lang='grc' dir='ltr'><strong>ς</strong></span> <span class='ocrx_word' id='word_1_431' title='bbox 739 4400 792 4454; x_wconf 89' lang='lat' dir='ltr'><strong>but</strong></span> <span class='ocrx_word' id='word_1_432' title='bbox 805 4397 832 4451; x_wconf 84' lang='lat' dir='ltr'><strong>if</strong></span> <span class='ocrx_word' id='word_1_433' title='bbox 840 4397 921 4453; x_wconf 87' lang='lat' dir='ltr'><strong>there</strong></span> <span class='ocrx_word' id='word_1_434' title='bbox 932 4396 968 4451; x_wconf 90' lang='lat' dir='ltr'><strong>be</strong></span> <span class='ocrx_word' id='word_1_435' title='bbox 979 4396 1130 4464; x_wconf 75' lang='lat' dir='ltr'><strong>tentimony</strong></span> <span class='ocrx_word' id='word_1_436' title='bbox 1144 4391 1183 4464; x_wconf 77' lang='lat' dir='ltr'><strong>hy</strong></span> <span class='ocrx_word' id='word_1_437' title='bbox 1196 4389 1287 4445; x_wconf 87' lang='lat' dir='ltr'><strong>whieh</strong></span> 
     </span>
     <span class='ocr_line' id='line_1_44' title="bbox 188 4478 1285 4555; baseline -0.001 -22"><span class='ocrx_word' id='word_1_438' title='bbox 188 4479 213 4533; x_wconf 89' lang='lat' dir='ltr'><strong>it</strong></span> <span class='ocrx_word' id='word_1_439' title='bbox 223 4497 341 4554; x_wconf 78' lang='lat' dir='ltr'><strong>uppoure</strong></span> <span class='ocrx_word' id='word_1_440' title='bbox 356 4480 420 4537; x_wconf 79' lang='lat' dir='ltr'><strong>thet</strong></span> <span class='ocrx_word' id='word_1_441' title='bbox 433 4480 483 4537; x_wconf 89' lang='lat' dir='ltr'><strong>tho</strong></span> <span class='ocrx_word' id='word_1_442' title='bbox 496 4482 587 4555; x_wconf 82' lang='lat' dir='ltr'><strong>eloyer</strong></span> <span class='ocrx_word' id='word_1_443' title='bbox 600 4501 657 4541; x_wconf 82' lang='lat' dir='ltr'><strong>wne</strong></span> <span class='ocrx_word' id='word_1_444' title='bbox 670 4490 722 4540; x_wconf 88' lang='lat' dir='ltr'><strong>not</strong></span> <span class='ocrx_word' id='word_1_445' title='bbox 734 4484 765 4539; x_wconf 91' lang='lat' dir='ltr'><strong>in</strong></span> <span class='ocrx_word' id='word_1_446' title='bbox 778 4483 886 4555; x_wconf 76' lang='lat' dir='ltr'><strong>denger</strong></span> <span class='ocrx_word' id='word_1_447' title='bbox 900 4482 933 4538; x_wconf 94' lang='lat' dir='ltr'><strong>of</strong></span> <span class='ocrx_word' id='word_1_448' title='bbox 943 4479 988 4537; x_wconf 80' lang='lat' dir='ltr'><strong>hie</strong></span> <span class='ocrx_word' id='word_1_449' title='bbox 1002 4480 1062 4545; x_wconf 88' lang='lat' dir='ltr'><strong>life,</strong></span> <span class='ocrx_word' id='word_1_450' title='bbox 1076 4478 1126 4534; x_wconf 84' lang='lat' dir='ltr'><strong>the</strong></span> <span class='ocrx_word' id='word_1_451' title='bbox 1139 4492 1285 4549; x_wconf 71' lang='lat' dir='ltr'><strong>presump-</strong></span> 
     </span>
    </p>
   </div>
   <div class='ocr_carea' id='block_1_5' title="bbox 0 0 1633 5125">
    <p class='ocr_par' dir='ltr' id='par_1_8' title="bbox 0 0 1633 5125">
     <span class='ocr_line' id='line_1_45' title="bbox 0 0 1633 5125; baseline 0 0"><span class='ocrx_word' id='word_1_452' title='bbox 0 0 1633 5125; x_wconf 95' lang='lat' dir='ltr'><strong> </strong></span> 
     </span>
    </p>
   </div>
  </div>
 </body>
</html>
