3234 5125
196 322 345 398 omni]
464 325 593 384 suurn
608 325 763 383 nmsnn
782 323 1028 382 uxrurosrro.
1234 309 1300 378 153.

196 491 351 580 obligatus
374 490 455 556 liber
474 499 589 570 manet,
606 490 633 556 si
649 489 780 556 alterius
799 489 949 577 potestati
973 488 1128 576 subjeotus
1150 509 1213 554 uon
1238 497 1295 566 est,

195 590 343 677 sequitur,
362 597 400 656 ut
412 611 565 654 summum
579 589 743 677 imperium
759 590 901 655 retineat
947 589 1053 676 Atque
1064 588 1147 654 idem
1164 588 1205 653 de
1219 609 1297 675 rege

195 688 461 777 pronunciandum
478 697 536 754 est
586 689 645 754 list
660 688 742 753 enim
760 687 866 775 populi
881 687 972 753 liberi
992 697 1025 753 et
1040 687 1134 776 regie,
1151 687 1205 772 qui
1221 707 1296 752 vere

195 809 254 853 rex
269 787 320 864 sit,
337 788 446 853 eadem
462 787 552 852 ratio.
603 787 702 866 Addit
723 787 884 862 Proculus,
905 785 983 852 illud
998 785 1090 873 adjici
1111 785 1144 851 iu
1163 785 1294 862 findere,

195 897 233 952 ut
247 879 440 975 intelligatur
453 885 587 951 alterum
602 886 749 972 populum
766 885 957 972 superiorem
979 905 1057 962 esee,
1073 905 1137 949 non
1152 892 1190 949 ut
1205 884 1297 951 iutel-

195 984 312 1074 ligetur
328 986 462 1050 alterum
478 1006 542 1049 non
562 1006 631 1050 esse
645 984 787 1050 liberum.
834 983 1033 1070 Superiorem
1053 982 1104 1048 hie
1120 982 1296 1072 intelligere

196 1083 344 1149 debemus
362 1106 425 1149 non
446 1092 603 1171 potestate
618 1081 698 1170 (jem
720 1084 801 1148 euim
825 1084 950 1149 dixerat
967 1081 1060 1148 talem
1082 1081 1232 1168 populum
1248 1082 1298 1146 al-

195 1181 295 1248 terius
310 1182 457 1269 potestati
478 1181 650 1268 subjeetum
666 1203 728 1246 nou
744 1185 826 1267 esse)
847 1181 903 1247 sed
922 1180 1120 1257 auetoritate,
1141 1188 1176 1246 et
1194 1179 1297 1267 digui-

195 1289 281 1347 tate:
307 1281 391 1368 quod
407 1282 506 1347 rerba
521 1280 683 1367 sequentia
703 1289 779 1366 apta
797 1279 966 1346 admodum
984 1278 1182 1347 similitudine
1198 1277 1297 1364 expli-

195 1389 277 1446 eant.
333 1383 620 1462 Queneodmodum,
642 1378 753 1465 inquit,
781 1381 911 1446 clientee
937 1391 1063 1445 nostroe
1083 1379 1297 1464 intelliytmoe

196 1480 313 1546 liberos
324 1501 399 1553 esee,
416 1481 548 1544 etiamne·
562 1501 662 1561 neque
673 1480 880 1554 amaritate,
898 1499 996 1560 neque
1008 1479 1178 1563 dimicate,
1197 1499 1298 1563 neque

188 1577 269 1661 jure
284 1579 389 1642 ‘mnne‘
404 1578 497 1642 nobes
513 1598 612 1661 parer
625 1588 725 1642 aaut:
747 1578 797 1642 er'o
812 1589 842 1642 et
856 1598 918 1652 eos,
935 1577 994 1661 qui
1009 1576 1208 1659 majestatem
1224 1597 1297 1642 noe-

196 1687 285 1739 tram
309 1677 441 1740 eooriter
463 1696 651 1741 eomeeore
673 1676 795 1751 dehent,
823 1675 939 1740 liberos
963 1695 1029 1740 esee
1051 1675 1296 1758 irstolliyendum

195 1785 255 1838 etl.

272 1874 295 1936 3
330 1869 466 1938 Clientes
487 1871 521 1936 in
542 1870 605 1937 fide
624 1880 697 1938 sunt
718 1880 941 1959 patronorum3
966 1862 1024 1934 ‘sio
1048 1868 1154 1958 populi
1178 1868 1297 1935 ioedere

195 1969 359 2035 inferiores
374 1969 486 2036 infide
502 1970 618 2057 populi,
634 1970 687 2058 qui
705 1970 857 2058 dignitate
876 1979 925 2034 est
942 1968 1092 2055 superior.
1144 1967 1226 2033 Sunt
1241 1965 1296 2036 ἐπὶ

196 2065 415 2162 προστάταις,
431 2065 496 2162 οὖχ
513 2065 699 2148 ὑποτελεῖς,
717 2073 775 2135 etth
785 2069 986 2155 patrocinio,
1003 2089 1068 2132 nort
1083 2068 1144 2132 etth
1160 2068 1296 2144 ditione,

195 2177 232 2233 ut
249 2168 340 2256 Sylla
353 2168 439 2254 apud
454 2167 630 2256 Appianum
647 2169 801 2255 loquitur3
825 2166 857 2232 in
870 2176 971 2254 parte,
988 2187 1051 2231 non
1067 2165 1100 2230 in
1117 2164 1245 2245 ditione,
1260 2175 1297 2230 ιιι
1309 2187 1459 2236 nmero.

196 2266 321 2334 Liriusr
337 2275 371 2333 et
388 2267 497 2333 Cioero
513 2267 680 2332 officiorum
692 2267 828 2333 seeundo
844 2266 1001 2331 sanctiora
1013 2264 1067 2330 illa
1080 2264 1293 2329 Romanorum
1307 2277 1406 2372 pipp»

196 2371 339 2450 tempora
353 2364 539 2445 desorihens,
555 2365 758 2453 patroeinium
773 2365 924 2431 sociorum
941 2365 988 2430 ait
1008 2384 1103 2450 penes
1120 2384 1173 2429 eos
1189 2363 1293 2441 luisse,

197 2483 260 2527 nou
284 2463 465 2549 imperiumt
488 2465 611 2550 quicum
633 2465 709 2530 satis
735 2465 880 2530 convenit
902 2463 1017 2529 dietum
1039 2463 1116 2528 illud
1144 2461 1296 2550 Scipionis

197 2559 336 2627 Africani
351 2562 497 2648 Majorie:
524 2565 688 2648 Populum
713 2568 900 2631 limenorum
924 2566 1069 2647 beneflcio
1087 2586 1186 2649 φιοιιι
1210 2574 1296 2628 metu
1308 2571 1422 2657 &previ
1430 2574 1462 2611 ⁴⁹·

196 2662 342 2747 ohlt'qare
365 2663 507 2729 homines
526 2664 634 2740 malle,
660 2675 848 2749 aeterneque
869 2674 977 2747 qentee
990 2664 1059 2745 fide
1081 2684 1123 2726 ae
1146 2664 1300 2728 eooietate

197 2838 327 2897 δευτέρους
357 2837 403 2897 μὲν
428 2835 497 2883 torsi
521 2837 554 2883 τὸ
578 2838 626 2892 τῆς
649 2838 726 2894 τιμῆς
772 2836 902 2881 morum
915 2834 1090 2894 protectionem
1104 2833 1199 2879 dedere.
1220 2832 1299 2880 Hero·

197 2910 306 2971 ἀξίωμα,
328 2910 478 2968 αὐτονόμων
500 2910 527 2955 dd
546 2910 587 2956 reni
602 2909 727 2967 aeroxpst-
772 2908 871 2954 dhuue:
892 2907 1031 2966 ’θοροηνῶν
1045 2923 1076 2953 τε
1098 2908 1141 2953 και
1161 2906 1306 2965 :apperte-or

196 3002 275 3044 *repar
289 2985 418 3040 exterere,
431 2984 549 3043 diona'tde
566 2983 660 3042 puden
679 2984 725 3027 ati·
774 2980 808 3028 ὄν
822 2980 888 3037 ἦσαν
902 2980 925 3027 ol
939 2980 984 3040 pir
1000 2980 1114 3037 ὑπήκοοι,
1133 2978 1157 3026 oi
1177 2980 1203 3025 dd
1224 2980 1302 3041 φίλοι

198 3057 725 3116 nom,eetemeaa'jtm'epleaoequepetu-
774 3056 816 3102 και
835 3055 972 3115 σύμμαχοι.
1004 3055 1163 3101 Orret'mm
1179 3060 1201 3103 et
1215 3055 1300 3101 Arme-

197 3134 265 3180 tatir.
295 3132 359 3179 Vide
387 3131 527 3178 crantzium
553 3131 726 3177 Suronieoraur
773 3130 874 3187 nima,
892 3144 991 3190 peomne
1012 3130 1039 3175 Ιιι·
1057 3129 1146 3175 subditi
1165 3135 1241 3190 erant,
1261 3130 1301 3177 illi

199 3220 227 3255 x.
241 3204 309 3267 (oap.
320 3205 349 3263 8)
363 3204 393 3251 de
402 3204 510 3263 urbibus,
520 3218 575 3265 qun
588 3204 726 3250 seinAur·
774 3205 962 3251 οιιιιοιιιοιοοιι.
992 3204 1046 3252 Lib.
1057 3218 1104 3251 ru.
1113 3204 1145 3263 (ο.
1155 3204 1190 3263 2.)

198 3448 294 3505 bound
303 3448 341 3520 by
349 3446 552 3519 suehalssgoe
560 3448 584 3503 is
592 3447 661 3513 free,
669 3449 693 3502 it
701 3447 809 3504 follows
816 3447 879 3505 that
887 3449 910 3503 it
918 3462 1061 3519 preserres
1069 3446 1106 3501 its
1114 3446 1301 3519 sorereiguty.

251 3534 314 3588 The
333 3550 411 3589 nme
429 3551 495 3605 may
512 3535 549 3589 he
562 3534 623 3588 said
637 3534 671 3589 ot
685 3551 703 3588 a
716 3535 799 3604 king3
816 3534 863 3588 ior
877 3534 958 3589 there
978 3534 1002 3587 ia
1018 3550 1056 3587 an
1070 3533 1162 3587 entire
1182 3534 1303 3605 aualogy

198 3620 326 3675 between
339 3636 358 3673 a
368 3619 430 3675 free
443 3619 554 3691 people,
565 3619 622 3673 eud
635 3636 654 3673 a
666 3618 736 3690 king
747 3620 809 3675 who
820 3620 844 3675 ir
856 3620 933 3691 truly
942 3635 961 3672 a
970 3620 1047 3689 king.
1071 3618 1208 3674 Proeulus
1223 3618 1302 3684 adds,

198 3705 261 3761 that
274 3704 382 3777 though
394 3721 449 3761 one
466 3705 500 3759 of
515 3704 565 3759 the
576 3706 692 3775 peoples
705 3705 742 3760 be
758 3706 895 3777 supertor,
905 3704 976 3760 both
990 3722 1039 3760 are
1049 3704 1127 3769 ire03
1144 3705 1266 3775 aperior
1277 3705 1304 3759 is'

198 3790 267 3846 here
277 3791 449 3846 understood
460 3796 513 3846 not
524 3790 557 3846 ot
565 3807 668 3862 power,
675 3790 727 3846 but
738 3791 772 3847 of
780 3791 924 3863 authority
935 3791 992 3846 and
1004 3790 1121 3863 dignity.
1146 3791 1186 3845 So
1195 3790 1302 3845 Oliente

199 3891 248 3932 are
260 3877 330 3940 free,
344 3882 393 3947 yet
406 3877 523 3932 inferior
535 3882 567 3931 ιο
578 3877 708 3931 Patrone.

258 3966 275 4015 3
300 3961 406 4017 cliente
420 3978 470 4017 are
483 3961 575 4017 nuder
585 3962 636 4017 the
647 3962 807 4033 proteotion
818 3962 852 4018 oi
863 3962 940 4018 their
951 3964 1071 4017 Patrone
1087 3960 1130 4031 (tn
1137 3963 1195 4037 fids
1204 3972 1302 4035 potro-

199 4042 328 4111 ιιοιιοιι);
344 4061 377 4100 ao
393 4046 425 4100 in
437 4063 476 4101 an
492 4048 616 4118 uuequal
632 4047 759 4112 allianee,
778 4048 829 4103 the
844 4048 962 4103 interior
979 4048 1082 4120 people
1098 4050 1123 4103 ie
1142 4049 1234 4105 under
1251 4050 1302 4105 the

200 4130 360 4202 proteotion
377 4130 411 4184 ot
427 4131 478 4186 the
496 4133 598 4204 people
620 4135 747 4204 superior
762 4134 793 4186 in
807 4134 925 4205 diguity.
965 4133 1045 4205 They
1058 4150 1108 4188 are
1125 4133 1216 4189 under
1226 4134 1301 4189 their

200 4213 375 4287 petronship,
395 4223 447 4271 not
463 4217 555 4272 under
569 4217 646 4273 their
657 4218 810 4290 authority,
826 4220 875 4273 ιιιι
885 4218 1048 4290 patrocinio,
1061 4236 1117 4273 oon
1129 4221 1178 4274 rut
1192 4220 1299 4273 οἱιίοιιο.

201 4298 295 4355 There
314 4316 364 4354 are
380 4316 465 4372 many
475 4303 617 4374 exemples
628 4303 661 4358 of
671 4303 728 4359 this
738 4304 910 4369 distinction,
924 4305 955 4357 in
969 4304 1089 4376 Appium,
1102 4304 1182 4373 Livy,
1193 4304 1303 4366 (tieem,

202 4385 314 4440 Strabo.
339 4381 406 4454 [See
417 4385 467 4441 the
474 4382 558 4456 text]
590 4388 629 4443 As
639 4390 748 4460 private
759 4388 925 4460 patronship
934 4389 1001 4443 does
1013 4394 1064 4443 not
1075 4388 1141 4443 taire
1153 4403 1302 4459 awryper-

201 4470 282 4530 ⁸0¹¹ss
294 4470 406 4544 ΠΜ,
420 4487 452 4528 ιο
465 4472 561 4543 publio
578 4474 748 4547 patronthip
759 4474 828 4533 does
843 4480 895 4531 not
909 4474 975 4529 take
988 4489 1067 4544 away
1080 4471 1177 4545 publio
1190 4472 1301 4545 liberty,
