3234 5125
183 430 188 436 ,
245 367 314 424 Osa.
328 363 394 436 IV.]
634 369 678 424 IN
700 369 952 427 SUPERIORES.
1282 361 1345 427 197

243 554 313 601 mss
329 530 506 601 seditiosam
522 552 591 600 esse
613 532 688 601 dieit
703 531 861 602 interdum
883 531 1023 623 quamvis
1039 531 1199 625 tyrannici
1218 531 1343 625 regimi-
1354 550 1462 637 mo

243 634 293 701 nis
309 632 559 700 destructionem.

317 736 341 799 4
364 733 438 798 Non
449 732 544 799 debet
558 753 684 799 morere
699 755 757 800 nos
772 732 806 799 in
823 731 1011 800 censariam
1023 733 1208 802 sententiam
1223 729 1341 800 fsotum

242 832 341 900 Aedis
364 832 398 899 in
417 832 570 922 Eglonsm
594 853 702 921 regem
718 833 949 901 Moabitarum:
974 855 1046 900 nam
1071 842 1181 921 eperte
1205 841 1340 901 testatur
1353 851 1483 894 suatum

242 954 331 1000 ssers
353 931 530 1009 auotoritas,
551 932 634 997 huno
656 953 678 998 s
693 934 763 999 Deo
778 933 847 1021 ipso
863 931 1016 999 vindicem
1037 933 1227 1010 suscitatum,
1254 955 1340 999 man·
1353 900 1477 944 m*

244 1033 319 1100 dato
343 1030 458 1098 scilieet
478 1030 612 1119 spensti
665 1032 776 1121 Neque
794 1054 871 1100 uero
894 1039 1016 1098 constat
1031 1032 1114 1099 huno
1129 1031 1339 1099 Moabitarum

243 1153 350 1221 regem
366 1129 483 1198 nullum
493 1130 546 1218 jus
559 1130 732 1220 imperandi
748 1153 788 1198 ex
803 1131 948 1219 pactione
964 1131 1118 1198 babuisse.
1158 1129 1241 1197 Nam
1258 1141 1291 1198 et
1306 1131 1341 1197 in

244 1231 321 1298 aiios
336 1253 428 1321 reges
444 1233 532 1297 Deus
553 1253 611 1318 per
625 1253 703 1318 quos
719 1231 845 1299 uolebat
866 1230 1023 1298 ministros
1043 1254 1100 1298 sua
1119 1229 1238 1320 judicie
1253 1252 1341 1328 esse-

243 1331 409 1420 quebatur‚
424 1339 460 1397 ut
477 1352 534 1418 per
550 1331 658 1397 Jehun
673 1331 707 1396 in
722 1331 745 1397 J
746 1352 896 1399 orsmum.
1088 1365 1090 1370 ·
1351 1349 1419 1396 sss·
1430 1349 1458 1386 ιι.

320 1430 393 1496 XX
439 1430 577 1497 Maxime
605 1440 711 1497 autem
739 1430 773 1496 in
801 1451 840 1496 re
870 1439 1071 1498 oontroverss
1098 1427 1250 1517 judicium
1281 1427 1340 1495 sibi

243 1528 386 1616 priuatus
401 1550 524 1596 sumere
540 1551 602 1594 non
619 1529 722 1607 debet,
744 1530 801 1595 sed
818 1528 1039 1616 possessionem
1059 1530 1154 1617 sequi
1207 1530 1259 1596 sio
1283 1529 1340 1596 tri-

244 1629 355 1694 butum
383 1626 461 1694 solvi
481 1627 598 1694 cassari
628 1628 772 1695 Christus
799 1628 940 1715 jubebat,
967 1627 1057 1716 'quia
1081 1629 1148 1716 ejus
1173 1627 1339 1718 imaginem
1353 1644 1504 1687 sensnum

244 1749 387 1792 nummus
400 1726 599 1815 preferebat,
616 1725 651 1792 id
664 1735 723 1804 est,
740 1726 815 1813 quia
830 1727 863 1791 in
878 1728 1070 1814 possessione
1086 1735 1156 1794 erut
1169 1727 1300 1816 imperii.

288 1893 767 1964 τριῑαρωᾰιῳὴωηηωρω-
819 1900 940 1949 munau.
970 1901 1033 1948 vius
1053 1901 1079 1948 sn
1102 1901 1216 1950 srmorsa
1237 1901 1343 1950 eman

235 1976 345 2038 serebat]
361 1977 525 2025 certissimum
536 1977 582 2024 hoe
587 1977 700 2024 indicium
710 1991 768 2038 pos-
818 1977 932 2024 Bissrum
942 1977 1005 2023 libro
1016 1988 1095 2024 xvur.

298 2233 316 2284 4
351 2228 414 2285 The
430 2227 532 2299 killing
544 2226 578 2282 of
587 2227 679 2299 Eglon
694 2227 763 2300 king
782 2226 818 2282 of
829 2225 916 2282 Moab
935 2225 974 2298 by
991 2225 1084 2291 Ebud,
1101 2224 1300 2296 Judg.iii.1e,
1317 2225 1341 2280 is

243 2331 281 2370 no
300 2314 473 2388 preesdents
493 2312 531 2368 he
551 2313 609 2368 hsd
630 2331 648 2368 a
670 2313 775 2386 speoial
796 2313 930 2368 mandate
949 2312 1025 2368 from
1045 2311 1118 2368 (sod.
1166 2310 1205 2366 So
1227 2309 1292 2366 God
1312 2313 1342 2364 in

243 2401 326 2457 other
350 2417 429 2456 esses
453 2400 596 2456 exeroised
616 2399 661 2456 his
683 2399 856 2472 judgments,
881 2415 913 2454 as
941 2397 980 2471 by
1002 2397 1080 2454 Jehu
1100 2397 1212 2470 against
1233 2397 1340 2462 Joram,

244 2488 363 2558 2Kings
377 2486 414 2542 ix.

298 2574 365 2628 XX.
402 2570 442 2627 As
463 2590 481 2627 a
502 2570 616 2645 general
636 2571 851 2636 consideration,
874 2588 892 2627 a
912 2570 1022 2644 prirste
1043 2586 1147 2644 person
1168 2568 1269 2625 should
1291 2575 1342 2624 not

243 2675 355 2714 assume
368 2657 418 2714 the
435 2659 586 2731 judgment
599 2658 634 2713 of
649 2674 668 2712 a
681 2658 879 2713 oontrorertad
892 2658 982 2729 point,
998 2658 1052 2712 but
1065 2656 1160 2711 follow
1173 2655 1340 2728 possession.

245 2746 283 2800 So
295 2744 390 2800 Christ
400 2744 586 2800 eommunded
600 2744 706 2799 tribute
717 2750 748 2799 to
762 2742 799 2798 be
813 2742 879 2815 psid
899 2748 930 2797 to
943 2742 1036 2797 Ossan
1049 2742 1170 2797 bemuse
1186 2740 1230 2795 his
1250 2742 1343 2813 imsge

242 2847 298 2887 was
310 2847 348 2887 on
360 2828 411 2886 the
424 2832 495 2897 eoin,
507 2830 571 2887 thot
585 2830 617 2895 is,
627 2830 748 2885 beesuse
757 2828 796 2884 be
809 2844 865 2884 ves
881 2827 911 2881 in
924 2828 1082 2899 possession
1096 2825 1191 2883 ottho
1202 2827 1317 2898 empira.
