3234 5125
577 347 880 404 PROLEGOMENA.
1231 341 1280 405 xlv
1292 362 1297 370 ·

175 515 268 583 etiam
292 514 325 580 iu
345 513 394 580 his
406 512 554 600 judicium
580 522 665 579 recte
688 514 913 580 conformatum
938 514 1036 602 sequi,
1060 537 1162 602 neque
1183 526 1280 595 metu,

176 625 233 683 eut
248 613 417 702 voluptatis
432 613 594 700 presentis
609 613 755 680 illecebra
771 614 937 702 corrumpi,
955 623 1011 681 aut
1026 616 1193 682 temerario
1209 618 1280 703 rapi

175 714 304 803 impetn,
323 713 508 781 conveniens
528 735 596 780 esse
612 714 757 780 humanae
773 722 915 793 naturoe;
940 722 973 781 ct
989 716 1073 802 quod
1089 715 1144 782 teli
1160 716 1279 804 judicio

175 814 268 901 plane
282 822 448 903 repugnat,
465 812 560 879 etiam
576 822 685 880 contra
696 813 750 900 jus
764 822 896 893 naturus,
911 815 1056 881 humanm
1070 816 1194 895 scilicet,
1210 838 1279 883 esse

175 913 371 1003 intelligitur.

250 1017 294 1080 10
326 1014 435 1102 Atque
458 1014 518 1080 huc
544 1014 638 1081 etiam
654 1015 791 1101 pertinet
811 1015 845 1081 in
869 1016 918 1083 his
933 1038 1004 1104 quse
1026 1017 1137 1105 cuique
1160 1015 1278 1083 homini
1287 1035 1408 1123 {tow

175 1122 232 1181 ent
254 1114 348 1181 coetui
372 1115 500 1202 proprie
525 1124 598 1181 sont
624 1114 812 1205 elargiendis
838 1109 991 1204 iprudens
1020 1116 1279 1205 dispensationi
1387 1110 1393 1120 ⁹

175 1236 247 1301 quse
281 1236 364 1281 nunc
395 1212 613 1301 sapientiorem
643 1214 744 1281 minus
777 1216 919 1304 sapienti,
953 1238 1035 1282 nunc
1069 1216 1278 1304 propinquum

175 1322 337 1390 extraneo,
360 1335 441 1379 nnnc
465 1334 634 1401 pauperem
657 1314 756 1393 diviti,
778 1325 874 1403 prout
898 1324 987 1382 actus
1007 1316 1156 1404 cujusque
1177 1326 1211 1383 et
1231 1317 1279 1383 rei

175 1421 291 1480 notura
315 1413 387 1492 fert,
413 1412 587 1501 preponit:
620 1436 714 1500 quam
737 1415 818 1502 juris
851 1416 978 1504 proprie
1009 1416 1179 1503 strieteque
1203 1416 1279 1483 dicti

175 1522 298 1601 purtem
319 1512 385 1602 jam
404 1513 477 1579 olim
499 1512 589 1580 multi
609 1513 737 1593 ludunt,
760 1537 830 1581 cum
853 1524 957 1581 tumen
977 1514 1032 1603 jus
1053 1516 1130 1582 illud
1151 1516 1279 1604 proprie

176 1687 283 1748 ponitur.
313 1688 383 1738 ΗΞ.
751 1691 867 1739 &lectam
880 1704 1072 1740 sucronensis
1090 1706 1200 1755 caesar,
1218 1706 1277 1748 onst

221 1760 303 1823 hQuo
316 1764 434 1823 pertinent
452 1764 527 1811 alieni
545 1760 700 1823 obmutuisti}
751 1768 855 1816 Juvanr
866 1774 1016 1817 metuerent:
1031 1775 1192 1816 recusantem
1201 1772 1278 1817 inter-

177 1836 323 1899 Porphyrins
333 1840 363 1886 de
373 1853 421 1885 non
433 1852 475 1886 eeu
484 1838 641 1885 animantium
651 1842 699 1884 ter·
751 1844 850 1903 medias,
866 1845 916 1889 sire
935 1858 965 1890 ex
984 1844 1060 1904 ipsius
1075 1845 1190 1890 Auctoris
1208 1845 1279 1905 lapsu

176 1912 256 1968 ticcrl
274 1914 300 1961 bl
318 1914 457 1969 δικαιοσύνη
472 1914 498 1961 ιν
511 1916 549 1974 τῷ
568 1913 703 1973 deterrenti
751 1918 844 1975 calami,
857 1918 906 1962 sire
919 1930 949 1963 ex
963 1917 1121 1977 incogitantis
1135 1916 1278 1980 Exscripto·

177 1987 219 2034 rui
245 1988 357 2047 ἀβλαβιῑ
377 1994 461 2037 κοῖται
480 1987 579 2035 παντὸς
598 1986 703 2033 ὁτουοῦν
750 2000 814 2044 rum,
833 1987 957 2042 excidisse,
974 1987 1035 2033 adeo
1052 1991 1081 2033 nt
1100 2001 1179 2047 neque
1194 1993 1280 2049 postea

176 2064 224 2110 soi
232 2064 266 2123 μη·
272 2064 451 2123 βλάπτοντος·
466 2063 570 2112 Iustitia
582 2062 607 2109 in
616 2076 643 2109 eo
653 2062 702 2108 sisa
752 2062 856 2120 Auctor,
865 2063 937 2109 rebus
947 2062 1024 2123 magis
1033 2076 1105 2123 quam
1112 2063 1190 2109 verbis
1199 2063 1281 2111 inten-

176 2144 218 2196 est,
232 2144 258 2185 ιιι
272 2140 418 2187 abstineatur
432 2139 526 2196 οιιοοίο,
535 2152 608 2199 neqroe
617 2152 702 2185 noceo·
751 2141 800 2197 tus,
815 2138 842 2184 id
859 2138 1060 2196 animadverterit,
1078 2139 1278 2200 quemadmodum

175 2214 418 2261 remmom.
435 2214 575 2275 (Pegaso)
750 2213 807 2261 alibi
818 2227 867 2259 non
877 2214 951 2260 semel
961 2214 1075 2260 accidisse
1088 2215 1158 2261 nohis
1169 2228 1280 2277 comper.

220 2286 285 2335 '‘lta
300 2288 396 2348 quidem
411 2288 500 2335 habent
515 2302 597 2335 omnes
606 2288 702 2335 Editio-
750 2294 802 2336 tum
814 2292 860 2336 est.
892 2288 1006 2335 Oeterm
1016 2302 1055 2335 res
1064 2288 1116 2350 ipsa
1129 2289 1235 2349 perfluet
1246 2290 1278 2337 ad

176 2377 232 2411 nese
251 2364 303 2421 sed,
322 2377 466 2425 quamquam
484 2376 567 2410 senem
587 2364 701 2411 Auctoris
750 2364 829 2410 officis
843 2362 954 2409 Hominis
963 2376 1022 2423 erga
1035 2377 1061 2410 se
1075 2364 1164 2425 ipsum,
1179 2366 1210 2412 de
1224 2366 1279 2426 qui.

175 2452 205 2484 ex
215 2437 276 2484 serlo
285 2436 399 2483 orationis
414 2436 472 2483 satis
485 2440 576 2497 pateat,
591 2436 701 2497 lcqnntio
750 2440 796 2486 bns
805 2440 859 2485 fuse
868 2439 1080 2497 Pmarnourrns,
1089 2438 1130 2487 De
1143 2440 1202 2489 ὤιον.
1213 2440 1279 2491 Nar.

175 2526 225 2559 non
243 2513 302 2559 sctis
321 2516 359 2559 est
377 2512 499 2559 somnes
530 2512 616 2573 Neque
637 2513 701 2559 enim
751 2519 773 2562 et
785 2513 854 2562 Geni.
864 2513 919 2562 Lib.
927 2527 956 2562 11.
967 2528 988 2563 c.
998 2516 1022 2564 4.
1051 2513 1079 2563 J.
1090 2516 1123 2563 B.

176 2587 699 2648 rbmmtmcteopponiturrbdelcctontr
796 2590 927 2638 'Prudens
942 2590 1093 2652 nemore„
1108 2596 1135 2640 ur
1149 2606 1203 2654 qua
1217 2607 1278 2642 mose

175 2663 220 2710 n'ml
240 2663 314 2721 dicas,
334 2663 449 2724 quidquid
468 2663 580 2721 delectet,
599 2665 624 2710 id
643 2678 701 2725 pro-
750 2667 918 2726 sapientiorem
931 2667 1008 2712 ssime
1021 2669 1131 2728 sapienti,
1144 2683 1206 2716 merc
1215 2684 1278 2730 pro-

176 2740 257 2798 desse3
277 2739 341 2800 quod
361 2753 377 2784 a
395 2743 476 2786 mente
492 2739 606 2786 Auctoris
621 2744 646 2787 et
666 2740 701 2786 rei
746 2741 863 2802 pinquurs
878 2747 997 2800 οτινωιοο,
1012 2756 1074 2789 ausc
1088 2757 1220 2804 poepm
1237 2744 1279 2791 di·

175 2815 277 2862 rerltate
294 2815 366 2874 plane
385 2814 490 2862 alienum
505 2819 550 2861 est
580 2815 633 2861 Aut
648 2815 701 2860 heic
750 2817 883 2876 citimi-eet
896 2821 965 2864 uetus
978 2817 1091 2878 miserque
1103 2825 1125 2866 st
1139 2821 1175 2866 rei
1189 2826 1278 2869 amru

175 2894 213 2937 est
226 2888 390 2949 ἀκνρολογίο,
405 2894 449 2935 aut
464 2889 539 2950 possit
553 2889 607 2948 qnls
623 2889 701 2948 suspi—
743 2891 807 2950 ssrt,
816 2891 945 2952 preposuit]
965 2892 1028 2952 Agit
1037 2893 1082 2938 hec
1091 2894 1158 2940 dere
1171 2894 1278 2941 Ambro-

176 2966 224 3013 casi
244 2966 375 3013 Auctorem
390 2965 495 3014 voluisse
509 2964 625 3012 scribere:
642 2977 701 3019 Qun
751 2967 800 3013 sins
810 2966 873 3011 libro
882 2966 960 3027 primo
969 2965 999 3012 ds
1010 2966 1110 3029 Offictir.
1126 2967 1201 3028 (Cep.
1210 2968 1262 3030 80.)

178 3220 281 3272 nature
297 3221 327 3270 ιο
343 3217 447 3283 follow,
468 3218 497 3270 in
515 3215 585 3272 such
600 3221 716 3272 matters
733 3217 801 3282 also,
822 3215 884 3284 [the
898 3218 1029 3273 estimato
1043 3218 1077 3273 of
1093 3219 1189 3275 future
1202 3220 1278 3291 good

178 3302 236 3357 and
256 3301 297 3368 ill,
318 3304 374 3357 end
396 3303 429 3358 ef
454 3303 504 3359 the
523 3319 729 3374 consequences
749 3303 783 3359 os
802 3302 931 3371 actions]
952 3320 971 3358 a
993 3303 1144 3374 judgment
1173 3304 1278 3378 rightly

176 3388 285 3444 stamed
294 3407 303 3454 ;
323 3395 375 3444 not
393 3396 424 3444 to
442 3388 478 3444 be
495 3389 595 3444 mislcd
611 3389 650 3461 by
666 3387 729 3445 fear
746 3405 779 3444 or
795 3389 835 3460 by
856 3389 906 3444 the
922 3390 1092 3460 temptatiou
1109 3389 1143 3443 of
1163 3397 1279 3460 present

175 3475 314 3548 plcasure,
334 3490 387 3530 nor
404 3481 435 3530 ιο
451 3475 488 3530 be
509 3474 619 3531 ccmied
632 3491 710 3546 away
722 3473 762 3545 by
777 3474 858 3529 blind
874 3474 932 3528 and
948 3472 1125 3545 thoughtless
1141 3475 1277 3546 impulse;

176 3561 234 3617 and
254 3560 319 3616 that
338 3560 414 3616 whot
433 3561 458 3616 is
479 3559 586 3633 plainly
603 3564 762 3633 repugnent
775 3565 806 3615 to
826 3560 896 3616 such
911 3559 1070 3632 judgment,
1090 3561 1114 3618 is
1131 3561 1191 3617 also
1208 3577 1275 3618 con-

175 3655 254 3719 trary
268 3651 299 3702 ιο
312 3648 373 3712 Jus,
393 3647 457 3702 thet
471 3648 503 3712 is,
524 3653 555 3702 ιο
568 3647 690 3702 Natural
704 3647 819 3701 Human
832 3647 908 3705 Lao.

234 3738 269 3790 10
296 3733 362 3787 And
379 3739 409 3789 to
430 3733 487 3788 this
505 3735 627 3789 exercise
644 3733 677 3788 οι
690 3733 841 3805 judgment
857 3734 983 3805 perteins
1000 3750 1019 3788 a
1039 3736 1202 3793 reasonable
1219 3737 1277 3792 end

176 3817 340 3890 thoughtsul
361 3819 540 3890 assignarem,
560 3827 591 3874 to
606 3819 676 3874 each
695 3819 850 3874 individunl
861 3821 917 3875 end
932 3819 1001 3876 ecch
1015 3820 1091 3894 body
1104 3821 1138 3878 oi
1154 3840 1228 3887 men,
1246 3824 1281 3880 of

175 3904 226 3961 the
244 3903 339 3976 things
355 3905 447 3960 which
468 3905 622 3977 peculinrly
644 3904 747 3976 belong
767 3911 798 3960 ιο
814 3905 911 3973 them;
933 3907 971 3979 by
990 3906 1080 3963 which
1100 3910 1224 3966 exercite
1246 3910 1281 3966 ci

172 3990 322 4062 jadgment
336 3991 367 4046 in
386 4007 464 4047 some
480 4007 567 4056 cases,
583 3989 633 4046 the
646 3991 727 4046 wiser
743 4007 810 4045 men
827 3992 1009 4065 isprcfcrrcd
1023 4000 1054 4049 ιο
1069 3993 1119 4050 the
1130 3995 1185 4051 less
1198 3997 1281 4063 wise;

176 4078 207 4131 in
221 4076 326 4143 others,
344 4093 397 4132 our
414 4077 572 4148 neighbour
584 4085 648 4132 toa
667 4084 812 4148 stranger3
833 4078 864 4132 in
880 4077 984 4145 others,
1002 4096 1022 4133 a
1037 4096 1109 4151 poor
1126 4098 1193 4137 man
1211 4089 1243 4139 to
1261 4100 1280 4138 ο

176 4162 237 4217 rich
247 4179 331 4229 meur
352 4163 502 4235 according
513 4179 543 4218 as
554 4163 604 4219 the
615 4168 716 4219 ncture
725 4163 834 4218 ofeech
845 4171 892 4220 aet
905 4165 963 4220 and
973 4164 1044 4221 cuch
1051 4165 1133 4238 thing
1143 4169 1277 4240 requires.

176 4247 242 4302 And
259 4248 317 4305 this
339 4265 417 4304 some
437 4264 553 4322 persons
572 4248 645 4304 hore
661 4249 771 4305 treated
788 4265 820 4304 es
833 4266 852 4304 a
871 4256 936 4323 part
953 4251 987 4306 of
999 4253 1052 4308 Jos
1071 4255 1204 4326 properly
1221 4254 1279 4308 and

175 4333 286 4407 strictly
310 4351 342 4391 so
364 4335 469 4401 celled;
489 4335 627 4406 although
652 4335 704 4390 Jos
726 4335 861 4409 properly
884 4353 916 4394 so
939 4339 1030 4393 celled
1050 4338 1075 4393 is
1098 4338 1188 4410 reclly
1208 4353 1279 4410 very

176 4417 309 4476 different
329 4422 359 4476 in
378 4423 415 4476 its
434 4427 545 4488 nature,
566 4421 624 4476 aud
642 4421 693 4478 has
713 4421 770 4478 this
786 4421 833 4478 for
850 4423 887 4480 its
906 4425 1011 4496 speciei
1030 4424 1124 4488 office;
1146 4428 1177 4477 to
1198 4421 1278 4480 leave

176 4511 207 4562 to
221 4505 341 4564 another
354 4507 429 4565 shut
443 4507 533 4576 lehis,
550 4513 580 4565 ιο
594 4509 657 4581 gire
671 4515 701 4565 to
715 4507 775 4564 him
791 4508 865 4565 what
878 4527 920 4565 we
934 4526 1003 4565 owe.
