3234 5125
195 364 328 443 omn]
473 366 735 428 cosnmnnsn
758 371 1005 429 connnrunr.
1233 365 1296 429 249

197 535 266 632 ’γὰρ
283 534 318 606 ἐν
335 540 405 609 τοῖς
424 529 597 610 τοσούτοις
612 535 665 605 rol
686 550 757 610 τοῖς
780 530 934 608 αὐθάδεσι
955 535 1057 608 κοινδν
1075 536 1296 630 ἀφορισθῆναι

196 635 317 730 μέτρον
333 635 377 705 τὸ
393 639 444 726 τῷ
459 632 595 724 ἐμπόρῳ
606 633 793 707 λυσιτελές·
822 640 965 724 Difficile
981 641 1067 704 enim
1083 652 1140 716 est,
1158 651 1195 703 ut
1211 641 1298 705 inter

196 739 324 804 validos
339 749 370 803 et
376 739 506 822 sereres
519 737 694 819 deylniatm
709 739 824 802 modus
839 740 1016 803 mercatori
1031 759 1096 802 oon
1109 741 1233 824 pravis.

271 837 343 905 XV
388 839 407 900 1
440 835 563 900 Morari
594 855 719 921 quoque
742 834 967 922 aliquantisper
995 837 1297 923 praetersehentibus

195 943 252 1002 eut
262 933 534 1023 pretereuntibus,
553 932 748 1012 valetudinis,
764 943 822 999 sut
837 933 899 999 slis
914 955 977 1020 qus
984 932 1071 1020 juste
1086 935 1126 1002 de
1142 957 1244 1012 esnse,
1261 935 1298 1001 li·

195 1055 268 1099 uere
288 1033 401 1100 dehet.
427 1054 500 1098 nem
522 1041 571 1098 est
587 1032 695 1099 etheo
716 1031 798 1099 inter
815 1031 993 1098 utilitates
984 1033 1133 1100 innoxius
1167 1029 1297 1122 ‘Itaque
1309 1055 1460 1141 peram

197 1132 334 1198 Ilioneus
346 1132 433 1219 opud
444 1131 623 1220 Virgilium,
639 1154 709 1197 eum
725 1131 874 1246 Trojsni
865 1154 898 1198 ru
912 1139 999 1198 terre
1009 1132 1118 1199 hiries
1129 1133 1297 1200 oonsistere
1310 1148 1385 1232 ’ἧι

196 1240 387 1308 veterentur,
414 1232 500 1297 Deos
514 1230 637 1318 judiees
657 1230 786 1297 sudet
777 1253 944 1298 invocare:
971 1239 1005 1298 et
1028 1232 1162 1346 prohsts
1178 1232 1298 1298 Graeeis
1309 1244 1393 1287 ‘ww-

195 1330 323 1415 querele
344 1329 575 1419 Megarensium
598 1331 747 1396 adversm
764 1330 980 1407 Athenienses,
997 1331 1051 1416 qui
1068 1353 1121 1397 eos
1146 1332 1298 1420 portubus

196 1429 259 1495 suis
275 1430 434 1506 sreehsnt,
452 1425 544 1522 ποροέ
561 1427 608 1496 τὰ
623 1459 712 1498 ruva
702 1422 842 1505 thara,
857 1443 974 1496 eontra
987 1431 1047 1515 Jits
1063 1453 1234 1510 commune,
1262 1438 1299 1497 ut

196 1527 382 1594 Plutarchus
403 1527 560 1614 loquitur.
593 1528 639 1593 its
662 1537 700 1596 ut
720 1527 965 1594 Lsoedaemoniis
993 1528 1080 1595 nulls
1104 1529 1178 1596 belli
1205 1551 1299 1596 esuss
1311 1543 1426 1628 mu

191 1623 307 1710 justior
322 1625 390 1690 viss
402 1625 526 1692 luerit³.
1309 1590 1445 1718 &333

271 1725 293 1788 2
328 1723 388 1789 (lui
403 1733 436 1789 et
451 1723 511 1789 hoo
532 1744 722 1811 oonsequens
735 1733 848 1802 estut
867 1725 1028 1815 tugurium
1049 1734 1297 1794 momentaneum
1310 1724 1362 1768 ¹⁰⁷·

195 1842 313 1909 ponere
328 1822 430 1901 lieent,
445 1822 541 1909 puts
532 1844 565 1887 nn
580 1823 696 1900 littore,
714 1822 835 1890 etiamsi
849 1824 937 1890 littus
952 1847 973 1889 s
984 1823 1098 1911 populo
1116 1834 1298 1911 oeeupstum

196 1921 419 1988 eoneedsrnus:
440 1941 515 1986 nem
536 1921 621 2008 quod
643 1921 805 1987 decretum
824 1921 968 2009 praetoris
988 1922 1198 1988 adhibendum
1219 1922 1299 1990 dixit

196 2019 394 2106 Pomponius,
409 2020 491 2086 utin
507 2019 614 2086 littore
625 2019 748 2107 publioo
764 2019 816 2086 rel
832 2021 912 2086 meri
928 2029 1090 2087 exstruere
1103 2020 1178 2106 quid
1195 2019 1297 2100 lineet,

196 2118 238 2184 od
253 2119 470 2206 permanentis
484 2118 615 2186 ssdifiois
630 2119 786 2206 pertinet:
809 2141 872 2206 quo
887 2128 921 2186 et
936 2119 1014 2186 illud
1030 2126 1151 2206 pottoez
1312 2127 1410 2213 {get-¹·
1423 2128 1461 2166 Μ·

454 2239 607 2295 Oentruets
619 2239 710 2310 pisees
723 2255 837 2310 equore
850 2239 976 2296 sentiunt

454 2324 544 2380 Jsetis
557 2325 588 2378 in
602 2325 693 2379 ultum
706 2325 837 2382 molibus.

265 2431 356 2498 XVI.
398 2430 463 2496 Sed
479 2437 512 2496 et
526 2439 678 2517 perpetus
696 2429 850 2496 habitatio
871 2430 929 2508 his,
947 2428 1001 2517 qui
1017 2431 1143 2498 sedibus
1166 2431 1229 2498 suis
1245 2453 1300 2500 ex·

196 2529 276 2619 pulsi
291 2537 452 2617 reueptum
471 2537 626 2617 querunt,
641 2527 849 2619 ‘denegando
865 2551 927 2597 nun
944 2540 993 2598 est
1009 2530 1156 2610 externis,
1174 2532 1248 2599 dum
1266 2541 1298 2599 et

196 2722 345 2769 rietlmuum
370 2722 454 2768 nidore
473 2720 580 2782 rentlgul
607 2720 722 2781 pondere.
770 2720 908 2767 libertatem
918 2721 1123 2782 somnes-eurum,
1135 2722 1300 2769 nonverofs-

197 2798 230 2855 (V
231 2811 276 2845 en.
288 2798 340 2855 190,
354 2801 377 2844 et
386 2795 460 2856 seqq.)
772 2797 887 2843 eultstem
893 2800 987 2843 tentum
998 2797 1171 2857 eliquentisper
1183 2799 1299 2855 morendi,

240 2874 250 2905 ⁸
263 2871 349 2932 Itaque
365 2866 482 2928 Ilioneus]
502 2869 598 2915 Servius
619 2869 651 2915 sd
667 2882 723 2915 eum
771 2870 803 2914 de
813 2884 861 2928 qus
871 2870 952 2929 egitur
962 2870 1023 2926 heio,
1033 2868 1214 2929 Mansuetus
1224 2870 1299 2916 Atte-

196 2946 290 2993 locum:
313 2942 458 3003 Οοσυρσοιίι
474 2942 535 2989 esim
551 2948 585 2989 est
604 2944 723 3002 permoto
771 2943 869 3001 nimos,
894 2944 1054 3003 denegsbsnt.
1090 2943 1185 3003 ineptes
1205 2944 1297 2991 Aucto-

197 3020 301 3067 tteortse
318 3018 379 3065 ude
391 3016 544 3064 omnem
555 3016 667 3075 maele,
682 3018 724 3078 qus·
772 3032 827 3065 rum
842 3019 897 3065 loos
912 3018 938 3063 ln
954 3017 1093 3077 margines
1106 3032 1145 3065 me
1165 3019 1300 3066 distinctim

197 3096 291 3142 ἄιωσ
298 3092 456 3139 munitus
463 3089 614 3151 prohibeant.
622 3092 724 3139 Leome-
772 3093 906 3153 designate.
935 3093 963 3141 J.
973 3092 1005 3139 B.

197 3170 246 3215 don
255 3166 397 3213 sbileroule
408 3166 569 3225 ooeisusqnod
579 3180 633 3212 eum
644 3167 724 3227 'hojo
817 3168 828 3197 ⁴
842 3168 905 3215 Vide
919 3169 1088 3216 Purssnonr.
1104 3170 1145 3217 De
1158 3170 1223 3217 Jsre
1238 3170 1299 3216 Nat.

196 3246 271 3303 portu
279 3241 391 3301 pelleret,
406 3240 489 3287 Servio
502 3240 591 3287 ibidem
601 3247 722 3289 nsmte.
772 3246 795 3288 et
808 3240 877 3289 aas.
893 3242 947 3288 Lib.
958 3256 998 3289 111.
1013 3256 1068 3303 esp.
1077 3244 1100 3290 8.
1116 3242 1131 3305 ᾖ
1142 3246 1181 3301 10,
1198 3249 1221 3291 et
1234 3258 1298 3305 seqq.

198 3317 275 3379 [Non
288 3313 516 3374 udsdvmdltll
772 3315 815 3362 uhi
831 3316 882 3361 heo
898 3316 1008 3375 questio,
1022 3322 1048 3362 et
1063 3322 1191 3376 sequentes
1200 3330 1299 3365 soeurs·

241 3390 322 3438 'ileo
331 3392 384 3437 eret
399 3392 485 3436 eontn
498 3388 599 3437 tudere
628 3388 724 3437 Deinde
772 3390 821 3437 tius
831 3391 1008 3450 expenduntur.
1037 3390 1065 3439 J.
1076 3391 1108 3438 B.

251 3648 318 3704 XV.
365 3654 380 3702 1
410 3647 438 3702 It
452 3645 542 3717 ought
555 3645 616 3699 eleo
633 3643 671 3699 be
682 3641 835 3715 permitted
849 3646 880 3697 ιο
894 3640 975 3696 those
989 3640 1052 3697 thet
1071 3641 1160 3697 tresel
1174 3639 1299 3713 through

196 3734 248 3791 the
261 3734 338 3799 lsnd,
355 3739 386 3788 ιο
406 3738 484 3804 turry
499 3731 580 3786 there
594 3730 641 3785 for
660 3746 679 3783 s
700 3728 779 3783 short
793 3728 863 3783 time
882 3727 928 3782 lor
947 3726 998 3782 the
1011 3726 1079 3782 sulse
1098 3727 1131 3783 of
1147 3726 1246 3781 heulth
1266 3743 1300 3783 or

198 3819 281 3875 other
298 3822 360 3890 just
381 3834 480 3883 oense3
501 3817 547 3873 for
566 3816 623 3871 this
645 3814 705 3869 nlso
727 3814 784 3869 iss
803 3812 939 3869 hurmless
960 3829 1017 3868 use.
1065 3813 1104 3867 So
1127 3812 1251 3868 Ilioneus
1268 3814 1299 3867 in

197 3904 305 3975 virgin
321 3905 379 3959 sud
392 3904 473 3959 when
489 3902 538 3959 the
557 3903 723 3971 Megaresus
738 3899 915 3971 eompleined
929 3898 993 3954 thet
1012 3898 1062 3954 the
1077 3898 1232 3955 Atheniens
1252 3914 1300 3954 ex·

199 3988 301 4043 eluded
317 3989 396 4045 them
409 3990 485 4043 from
503 3988 578 4043 their
593 3992 673 4060 ports
692 3994 822 4056 οοιιινοιγ
842 3986 924 4041 totle
942 3985 1039 4039 Ιοιιοιοο
1058 3985 1129 4039 mles
1149 3987 1184 4059 os
1197 3986 1301 4058 jsuttee,

199 4072 274 4128 their
287 4074 440 4144 eomplsint
450 4090 506 4129 ns
519 4072 662 4146 approved
675 4071 713 4144 bJ
727 4070 778 4126 the
790 4071 907 4127 Greeks.

227 4224 231 4230 ¹
254 4164 272 4212 2
301 4158 329 4212 It
346 4158 553 4229 iseonsequent
564 4175 641 4229 upon
657 4156 723 4221 this,
737 4156 800 4211 thot
814 4156 864 4212 the
878 4156 1091 4213 tremit-mehor
1105 4172 1170 4227 msy
1183 4161 1261 4211 ereot
1281 4172 1300 4210 e

199 4249 375 4314 momentsry
382 4242 443 4307 hut,
453 4260 490 4297 on
499 4243 549 4299 the
557 4243 640 4313 shore
650 4242 697 4297 for
707 4243 842 4306 instance,
850 4241 959 4313 though
967 4241 1018 4297 the
1023 4240 1107 4296 shore
1115 4241 1152 4295 he
1163 4240 1300 4312 oeeupied

199 4328 323 4400 elreedy.
367 4328 425 4384 For
438 4328 488 4383 the
501 4329 563 4383 rnle
578 4329 642 4383 thst
655 4328 679 4382 it
693 4328 819 4398 requires
837 4327 886 4383 the
900 4328 984 4382 order
998 4328 1031 4380 of
1042 4343 1061 4380 s
1070 4326 1158 4395 judge
1172 4334 1203 4380 ιο
1219 4325 1300 4380 build

199 4430 238 4471 on
252 4414 302 4469 the
315 4412 399 4469 shore
410 4430 443 4468 or
457 4413 487 4467 in
499 4412 548 4468 the
561 4430 619 4478 ses,
631 4414 720 4469 refers
731 4420 762 4467 ιο
776 4420 944 4484 permanent
955 4418 1116 4467 structures.

254 4500 335 4557 XVI.
380 4498 512 4565 Further,
533 4515 552 4554 s
573 4499 654 4572 plsee
674 4499 709 4554 of
727 4498 934 4554 settlementis
958 4501 1062 4551 netto
1084 4495 1120 4551 he
1143 4494 1246 4551 denied
1268 4498 1299 4551 to
