3234 5125
158 341 229 396 Ger.
244 339 312 409 ΙΠ.]
423 341 552 398 SUMMI
573 342 727 398 IMPERII
747 339 990 404 meletulo.
1202 330 1274 394 129*

161 529 235 574 men
251 510 455 577 vocabantur.
502 511 565 577 Sed
586 515 619 577 et
640 510 776 600 insignia
796 509 895 599 regiae
911 505 1084 596 majestetis
1105 505 1138 572 iu
1159 505 1267 573 liberis

162 607 348 695 quibusdam
364 609 539 677 ciuitatibus
558 609 655 677 tribui
670 609 862 698 principibus
875 609 985 676 solent.

238 711 261 774 4
294 711 370 776 Jam
387 731 462 776 vero
479 709 603 776 comitia
619 710 773 788 ordinum,
798 709 848 775 ‘id
871 716 929 786 est,
956 715 1126 774 conventus
1147 728 1266 785 corun,

162 805 217 894 qui
249 809 398 896 populum
428 809 463 875 in
492 809 604 878 classes
637 809 837 877 distributum
866 807 1018 889 referunt,
1049 806 1205 886 nimirum,
1230 813 1268 874 ut

164 907 349 975 Guutherus
372 908 519 997 loquitur,
1279 905 1405 1000 QYI*

335 1029 460 1098 Prsehti,
474 1045 616 1103 proceros,
630 1030 776 1103 minisque
788 1029 952 1102 potentibus
966 1027 1067 1084 urbes=

163 1126 239 1193 alibi
250 1127 373 1214 quidem
388 1129 421 1195 in
437 1131 498 1196 hoc
514 1131 655 1197 serviunt
670 1131 834 1210 duntaxat,
849 1139 886 1196 ut
902 1129 964 1196 sint
980 1129 1080 1216 majus
1095 1126 1181 1216 regis
1196 1142 1273 1193 cou-¹

163 1227 275 1307 silium,
300 1251 358 1317 per
374 1230 458 1316 quod
472 1230 608 1317 querela
627 1231 743 1318 populi,
761 1251 832 1319 quae
849 1252 933 1318 saepe
946 1228 981 1294 in
997 1227 1178 1295 consistorio
1192 1226 1268 1293 reti·

164 1336 282 1407 centur,
302 1330 344 1395 ad
361 1329 446 1419 rogis
466 1351 559 1396 aures
573 1330 777 1418 perveniunt3
803 1329 852 1396 cui
870 1328 983 1397 deinde
998 1328 1130 1394 liberum
1147 1327 1188 1393 sit
1204 1335 1267 1393 sta-

163 1436 263 1506 tuere,
286 1429 371 1515 quod
393 1451 433 1495 ex
453 1452 512 1497 usu
534 1429 594 1518 ipsi
609 1429 773 1496 rideatur:
799 1429 873 1495 alibi
895 1428 988 1497 etiam
1009 1427 1062 1514 jus
1083 1428 1202 1494 habent
1226 1427 1269 1492 de

163 1527 242 1593 actis
268 1527 416 1615 principis
443 1529 659 1618 cognoscendi,
683 1538 779 1614 atquc
802 1528 897 1595 ctiam
923 1529 1008 1617 leges
1032 1525 1266 1616 praescribcndi,

163 1625 277 1711 quibus
293 1626 436 1714 princeps
452 1635 604 1694 teneatur.

241 1727 262 1792 5
298 1724 380 1790 Sunt
401 1726 502 1803 multi,
528 1727 581 1812 qui
606 1725 785 1793 existimant
806 1725 971 1792 discrimen
998 1725 1109 1792 summi
1133 1724 1266 1812 imperii,

163 1831 220 1891 sut
243 1846 364 1890 summo
380 1824 518 1902 minoris,
543 1824 712 1914 petendum
729 1847 769 1890 cx
790 1825 944 1891 delatione
965 1824 1088 1911 imperii
1105 1845 1163 1910 per
1190 1823 1269 1889 elec

163 1924 281 1990 tionem
297 1932 354 1991 aut
369 1923 597 1991 successionem.
641 1925 723 1989 Nam
741 1946 812 2011 quae
826 1926 885 1989 hoo
902 1923 993 1989 modo
1009 1922 1194 1990 deseruntur
1210 1921 1269 1986 im-

163 2023 261 2112 peria,
287 2046 327 2090 ea
342 2046 462 2091 summa
478 2046 545 2091 esse
557 2024 757 2101 contendunt,
773 2045 835 2089 non
852 2022 926 2088 item
943 2043 1014 2109 quae
1029 2021 1091 2088 illo.
1144 2021 1188 2087 At
1201 2020 1270 2086 haec

165 2123 333 2190 universim
349 2146 426 2191 vera
442 2147 504 2191 non
520 2146 588 2190 esse
602 2145 660 2213 pro
675 2132 761 2190 certo
777 2122 888 2189 haberi
903 2121 1006 2188 debet.
1050 2121 1132 2187 Nam
1150 2141 1271 2186 succes-

165 2222 210 2289 sio
232 2245 294 2290 nou
317 2231 366 2291 est
381 2223 490 2290 titulus
509 2223 641 2313 imperii,
667 2222 722 2311 qui
737 2221 868 2311 imperio
885 2221 1016 2288 formam
1039 2219 1186 2309 assignet,
1213 2219 1270 2286 sed

166 2323 280 2388 veteris
304 2324 501 2392 continuatio.
552 2325 613 2390 Jus
639 2323 784 2391 animab
809 2321 959 2390 electione
983 2320 1109 2388 familie
1133 2328 1269 2408 coeptum

165 2423 356 2489 succedendo
373 2425 591 2503 continuatur;
615 2445 713 2511 quare
729 2431 878 2510 quantum
896 2421 998 2510 prima
1021 2420 1131 2487 electio
1147 2419 1267 2495 tribuit,

166 2527 288 2588 tantum
314 2522 416 2591 defert
431 2523 591 2593 successio.
642 2523 737 2613 Apud
760 2523 900 2590 Lacones
921 2543 1053 2613 regnum
1070 2519 1112 2588 ad
1136 2519 1269 2587 heredes

166 2696 221 2755 fuit,
232 2710 302 2759 quom
313 2702 382 2759 peter
396 2698 545 2746 Artaxerxes
555 2698 690 2759 judtestmn
786 2698 798 2727 ⁴
813 2699 876 2746 Vide
892 2698 1062 2747 Pursrnonr.
1084 2696 1123 2743 De
1138 2697 1194 2743 Jur.
1207 2696 1269 2745 Nat.

165 2772 267 2819 interfici
273 2774 355 2835 jonio.
370 2773 515 2821 Plutarchus
524 2774 691 2822 annam
741 2775 763 2819 ct
776 2772 844 2822 Gent.
855 2773 909 2821 Idb.
919 2785 969 2821 vn.
980 2786 1033 2834 cup.
1044 2773 1075 2819 vt.
1088 2770 1102 2833 Ε
1113 2774 1149 2819 12.
1166 2771 1193 2819 J.
1204 2772 1237 2820 B.

167 2850 318 2911 (μςοοοο).

166 3120 204 3176 be
215 3119 308 3175 called
318 3116 470 3186 Principes,
481 3121 534 3171 not
547 3115 646 3188 Ktngs.

224 3204 293 3260 diso
307 3202 359 3257 the
373 3202 484 3272 ensigne
501 3202 535 3256 ot
548 3203 628 3279 royul
642 3217 738 3273 power
752 3219 803 3259 are
820 3204 948 3277 assigned
968 3210 998 3260 to
1014 3204 1064 3261 tho
1081 3220 1223 3277 governor
1239 3208 1269 3262 in

166 3307 245 3349 some
259 3289 339 3345 citIes
350 3287 441 3342 which
455 3304 504 3343 arn
514 3288 592 3353 free3
606 3286 650 3356 [es
661 3294 692 3344 ιο
706 3288 756 3345 the
767 3290 849 3361 Doge
860 3296 891 3345 st
901 3292 1016 3347 Venice.
1051 3289 1226 3359 crucum]

220 3384 238 3432 4
264 3376 326 3433 'I'he
346 3376 459 3431 Estntes
481 3373 514 3431 οἰ
525 3376 575 3431 the
595 3375 706 3437 Realm,
721 3392 755 3431 οι·
768 3377 929 3433 assemblies
946 3377 1035 3433 which
1058 3383 1204 3449 represent
1220 3377 1270 3433 tho

166 3466 278 3521 various
289 3463 391 3519 classes
406 3462 440 3517 ο1
453 3461 503 3518 tho
516 3463 699 3534 community‚
716 3462 733 3489 ‘⁴
740 3463 876 3527 Prolatos,
889 3464 919 3518 N
919 3463 1006 3529 oblau,
1019 3464 1076 3519 ond
1093 3464 1271 3535 Burgesses,”

167 3568 215 3607 ore
225 3551 386 3607 sometimes
397 3548 464 3621 only
478 3565 497 3603 a
514 3549 603 3604 Great
614 3548 731 3604 Oounoil
746 3548 779 3604 of
786 3549 836 3605 the
848 3551 932 3621 Κίος,
950 3552 1060 3623 sorving
1074 3558 1105 3606 to
1117 3551 1200 3606 make
1210 3550 1272 3607 him

167 3638 335 3709 aoquainted
354 3634 422 3690 with
436 3635 487 3691 the
507 3634 674 3707 complaints
692 3635 726 3690 of
737 3635 787 3691 the
806 3637 918 3708 people,
936 3636 1027 3691 which
1047 3654 1097 3693 are
1118 3637 1198 3692 often
1219 3644 1271 3693 not

167 3724 256 3796 urged
267 3724 297 3778 in
311 3723 361 3779 the
375 3722 462 3794 Priry
477 3721 613 3787 Oouncil;
627 3721 685 3777 and
695 3728 726 3777 ιο
740 3722 842 3778 enable
853 3722 951 3778 himto
966 3723 1066 3779 decide
1081 3724 1190 3779 rhetis
1206 3724 1271 3779 best

168 3825 206 3864 on
224 3810 295 3865 such
309 3809 439 3880 subjecte.
485 3808 543 3864 But
558 3809 589 3863 in
604 3808 687 3863 other
699 3809 793 3880 places
810 3808 891 3865 those
904 3810 1015 3866 Itstatse
1030 3810 1102 3866 hare
1125 3811 1175 3867 tho
1194 3811 1272 3883 right

168 3895 306 3967 ofteIIng
316 3896 483 3968 cognumce
489 3894 523 3950 of
532 3894 581 3950 the
595 3902 655 3951 octs
669 3894 703 3949 of
713 3894 763 3951 the
774 3895 885 3959 Prinne,
900 3896 1039 3952 anderen
1055 3898 1088 3953 of
1095 3897 1270 3971 prescribiug

167 3980 234 4036 laus
251 3980 290 4054 by
302 3982 394 4037 which
404 3980 442 4037 he
456 3982 480 4037 is
494 3981 602 4036 bound.

226 4072 244 4120 t
269 4066 356 4137 Many
369 4067 453 4121 thiulr
463 4066 527 4123 thet
539 4066 590 4123 tho
601 4067 763 4123 distinction
776 4070 810 4125 of
822 4070 1006 4143 Sororeignty
1017 4070 1073 4125 und
1087 4070 1270 4127 subordinate

168 4148 312 4223 euthority
326 4154 351 4206 is
365 4159 396 4207 to
409 4152 447 4208 bc
457 4153 548 4208 found
564 4154 595 4207 in
608 4152 658 4208 the
672 4154 824 4211 diderenoe
838 4156 872 4211 of
886 4156 1043 4213 suecession
1058 4156 1115 4211 und
1132 4156 1268 4213 election:

168 4236 245 4291 what
255 4253 348 4293 comes
364 4238 402 4309 by
414 4240 571 4295 succession
586 4238 655 4311 thoy
668 4240 736 4295 hold
751 4248 781 4297 to
793 4241 831 4298 bs
844 4244 1005 4315 sorereigm
1022 4248 1073 4297 not
1084 4242 1161 4297 what
1176 4257 1270 4297 comes

167 4323 347 4397 byolection.
378 4325 436 4379 But
445 4325 684 4399 thisiscertsinly
695 4332 747 4381 not
757 4328 928 4399 uniuersally
937 4334 1009 4384 true.
1045 4324 1270 4381 I'orsuocession

167 4410 284 4466 isnota
298 4408 412 4466 chartor
425 4409 515 4466 thoh
530 4411 700 4468 determines
720 4412 771 4469 the
787 4413 866 4469 force
885 4414 919 4468 of
930 4412 1082 4482 authority,
1097 4409 1150 4465 but
1167 4425 1185 4463 a
1202 4425 1270 4465 con·

167 4494 765 4573 tinuationot'suthorityalreodyexistiug.
797 4499 859 4555 The
870 4498 1013 4567 authority
1023 4494 1164 4552 bestowed
1175 4494 1270 4569 bytho

269 4651 404 4745 [onor-J
1098 4604 1118 4667 ⁹
