3234 5125
187 1010 233 1053 Lib.
240 1010 268 1051 vl.
278 1010 308 1051 ld.

187 1067 210 1099 n·
218 1060 237 1099 a

184 1207 316 1305 alim

350 336 393 402 66
545 340 600 399 ΑΝ
621 342 797 400 Bonosus]
819 342 990 410 UNQUAM
1010 342 1166 400 IUSTUM
1188 342 1258 398 SIT.
1340 340 1412 409 [bna
1425 340 1450 397 1.

350 507 497 587 deterior,
526 507 627 595 inquit
653 508 778 587 Paulus,
809 510 829 573 1
854 508 933 574 Tim.
952 530 981 573 w.
1005 511 1037 576 8.
1090 508 1267 594 Sequemur
1282 528 1360 594 ergo
1377 528 1455 571 eun-

350 610 422 676 dem
447 607 587 684 Paulum,
615 606 766 694 optimum
790 605 870 695 legis
894 606 1001 672 herilis
1026 606 1239 693 interpretem,
1264 605 1321 691 qui
1342 603 1453 670 Corin-

350 708 433 775 thios
449 706 587 773 excitam
603 707 645 772 ad
661 704 895 772 beneficentiam
914 705 948 770 in
972 705 1278 795 Hierosolymitanos
1301 726 1453 770 exercen-

351 807 434 885 dasn,
453 808 541 885 Non,
559 804 669 891 inquit,
685 818 722 871 ot
738 807 821 873 aliis
839 808 885 871 sit
906 806 1136 882 hwmmsom,
1161 805 1252 870 oobs‘s
1265 826 1318 870 reo
1333 826 1452 887 oopus·

352 918 403 985 tce,
436 908 494 972 sed
525 914 562 969 ot
594 906 800 991 equabitur
831 895 960 970 ‘oestro
989 907 1086 991 eopia
1115 914 1289 970 usoourrot
1319 903 1453 968 illoram

353 1006 482 1091 ineptos,
501 1004 521 1067 2
540 1001 614 1067 Gor.
633 1002 696 1070 viii.
716 1006 768 1069 13.
816 1001 855 1069 Id
878 1009 926 1069 est
949 1003 1045 1086 (Livii
1068 1003 1165 1069 rerba
1189 1002 1224 1067 in
1247 1022 1285 1067 re
1305 1022 1369 1066 non
1389 1000 1453 1065 dis·

353 1102 445 1170 simili
471 1100 641 1187 usurpabo)
665 1108 701 1167 ut
723 1124 764 1167 ex
786 1123 834 1179 eo,
858 1100 942 1187 quod
957 1100 1067 1168 adfluit
1085 1101 1194 1188 opibus
1211 1099 1336 1177 vestris,
1361 1099 1453 1165 susti-

353 1201 454 1269 neatis
474 1198 674 1265 noeessitases
699 1198 849 1266 oliorum:
874 1198 928 1286 qui
952 1220 1062 1265 sensus
1077 1208 1126 1265 est
1142 1208 1175 1265 et
1191 1198 1224 1263 in
1242 1198 1329 1286 Cyro
1346 1198 1452 1263 Xeno-

351 1299 494 1389 phontis:
511 1290 533 1365 d
552 1290 592 1366 do
607 1290 665 1365 ideo
675 1294 820 1391 περισσοὶ
833 1292 916 1366 ὄντα
928 1300 995 1367 τῶν
1014 1294 1084 1380 ὅμοι’
1103 1293 1300 1391 ἀρκούντων,
1319 1291 1454 1369 τούτοις

352 1396 413 1469 τὰς
430 1391 549 1470 ἐνδείας
574 1398 774 1490 τῶνφίλων
798 1394 977 1485 ἐξακοῦμαι.
1029 1395 1169 1462 Similem
1193 1393 1375 1481 aequitatem
1396 1395 1454 1460 ad-

350 1497 511 1564 hibeamus
543 1492 781 1583 interpretando
809 1504 977 1585 praeopto,
1011 1495 1096 1582 qnod
1116 1494 1184 1581 jann
1212 1514 1233 1560 a
1262 1493 1350 1559 nobis
1374 1492 1454 1559 reoi-

350 1604 451 1664 tatum
476 1604 534 1663 est.

426 1694 447 1765 7
476 1696 544 1761 Lex
561 1696 698 1762 Hebraea
712 1692 792 1761 siout
805 1690 932 1759 divortii
946 1692 1123 1759 libertatem
1139 1690 1332 1780 indulgebat,
1344 1699 1383 1758 ιιι
1395 1712 1451 1757 sae·

351 1792 438 1861 sitire
454 1793 638 1861 maritorum
653 1794 687 1860 in
703 1812 818 1859 uxores
834 1799 1026 1858 ooonrreret:
1043 1791 1090 1857 ita
1105 1790 1199 1856 otiam
1215 1790 1347 1877 privata
1364 1790 1454 1857 ultio·

351 1892 394 1971 ni,
411 1892 454 1959 ad
470 1914 564 1980 quam
580 1914 658 1982 gens
678 1892 731 1958 illa
751 1890 844 1958 raldo
863 1912 964 1978 prona
988 1897 1068 1968 erat,
1093 1888 1282 1965 ooeroendae,
1303 1888 1357 1975 jus
1380 1889 1453 1955 laeso

351 1991 470 2059 feeerat
495 1992 537 2058 ab
562 2014 600 2057 oo
630 1990 684 2078 qui
708 1990 842 2066 laeserat,
867 2009 931 2054 non
953 2010 1046 2055 manu
1065 2010 1131 2065 sua,
1148 1988 1205 2054 sed
1220 1988 1304 2075 apud
1316 1987 1453 2075 judiosm

350 2090 480 2178 exigere
496 2088 663 2155 talionemz
691 2088 774 2175 quod
791 2088 843 2154 lex
860 2088 954 2155 otiam
978 2086 1031 2152 xii.
1057 2086 1234 2153 tabularum
1256 2096 1364 2153 seouta
1385 2094 1452 2164 est;

352 2190 394 2253 Si
414 2189 591 2253 montrum
615 2190 716 2272 rupit,
745 2188 828 2251 tolio
853 2198 928 2251 esto.
982 2184 1125 2251 Christus
1141 2206 1217 2251 vero
1231 2184 1357 2273 majoris
1372 2184 1453 2272 pati-

351 2284 446 2349 entioe
460 2284 610 2371 magister
627 2292 748 2349 tantum
765 2284 865 2362 abest,
876 2292 913 2349 ut
928 2282 1013 2349 illam
1035 2282 1068 2347 in
1079 2284 1148 2370 jam
1164 2284 1239 2350 lasso
1255 2285 1368 2371 probet
1386 2284 1452 2350 vin-

351 2381 444 2448 diotae
468 2380 703 2469 flagitationem,
729 2380 859 2467 injuriae
875 2382 1025 2467 quasdam
1047 2403 1089 2447 ne
1113 2383 1215 2449 areeri
1231 2382 1356 2468 quidem
1374 2383 1452 2460 vult,

350 2487 407 2546 aut
428 2475 468 2557 ri,
496 2486 551 2545 aut
570 2478 696 2566 judioio.
741 2480 786 2545 At
809 2480 917 2566 quales
941 2478 1098 2568 injurias?
1122 2480 1301 2548 tolerabiles
1327 2480 1452 2559 seilicet,

353 2576 437 2644 lnon
455 2577 539 2665 quod
554 2600 617 2643 non
631 2578 666 2646 in
687 2578 891 2645 atrocioribus
913 2601 1037 2666 quoque
1059 2580 1216 2647 laudabile
1240 2582 1300 2647 hoo
1321 2581 1371 2659 sit,
1396 2581 1454 2648 sed

350 2677 435 2765 quod
450 2675 640 2744 restrictione
656 2677 791 2766 quadam
807 2677 961 2767 patientia
976 2686 1141 2746 eontentus
1161 2680 1211 2748 sit.
1255 2679 1333 2747 Ideo
1349 2701 1453 2747 exem-

395 2847 405 2884 i
430 2849 514 2897 Vestro
537 2849 608 2910 eopia
632 2851 757 2897 succurrat
781 2849 878 2897 tuom
926 2866 976 2907 ssa,
990 2848 1082 2896 obsall'
1093 2849 1107 2895 ὃ
1122 2850 1166 2896 οὐκ
1180 2848 1242 2910 ἔχει.
1272 2850 1454 2910 Deusprosa-

350 2923 449 2985 opta]
467 2925 557 2972 Seneea
572 2925 602 2971 ds
616 2923 737 2971 benefieiis
757 2924 877 2970 seeundo:
927 2927 1106 2986 cultateposcs‘t,
1119 2931 1234 2985 quaemus
1248 2926 1318 2972 tabet
1331 2928 1392 2987 quia,
1407 2940 1454 2972 sos

350 3000 424 3045 Dato
443 3001 526 3060 apauli
544 3000 587 3046 aad
605 3004 632 3046 νι
649 2999 701 3058 ipse
719 3012 765 3044 nou
790 3013 877 3059 saetosa⁸
926 3001 1182 3061 psatwaoatsadet.
1213 3001 1286 3056 Quod
1296 3001 1453 3048 utreetain-

350 3072 421 3133 (Cnp.
437 3073 483 3132 lo).
515 3073 700 3133 chrysostomus
714 3071 739 3118 in
753 3073 877 3120 loonmad
926 3074 1060 3135 telligatur,
1071 3077 1186 3123 aooedant
1200 3078 1339 3138 sequentia:
1354 3079 1455 3125 ἐπαινοῖ

351 3147 489 3194 Corinthios
508 3147 547 3193 hlo
564 3147 722 3206 productum:
737 3145 751 3192 d
767 3147 829 3193 ests
842 3145 878 3193 ‘rsa'
925 3149 1040 3208 μιντοὺο
1055 3149 1116 3209 drlp
1132 3151 1243 3211 δύναμιν,
1258 3153 1302 3198 οὐκ
1316 3151 1453 3212 ἀναγκαῖοι

350 3219 418 3268 κατα
426 3220 527 3282 δύναμιν
536 3221 653 3282 ἀπαιτεῖ,
667 3220 709 3267 καὶ
724 3219 778 3267 καθ’
793 3219 807 3266 d
823 3219 876 3281 ἔχει
926 3222 952 3269 dl
970 3223 1076 3270 τούτους
1101 3226 1207 3279 ποιῆσαι
1234 3225 1324 3274 ταύτό.
1355 3225 1454 3273 Lauda

349 3459 431 3526 Paul,
444 3460 494 3514 tho
508 3459 571 3515 best
584 3459 754 3531 interpreter
768 3455 801 3513 ol
812 3458 856 3512 his
870 3455 996 3513 mutor's
1009 3457 1072 3521 law,
1084 3455 1156 3521 who,
1169 3453 1251 3510 when
1262 3457 1384 3528 exoitlng
1402 3457 1454 3513 the

351 3545 530 3600 Corinthiaus
548 3550 578 3599 to
595 3543 774 3599 beneficenoe
788 3544 909 3598 towards
928 3541 1011 3598 those
1032 3543 1066 3597 os
1080 3541 1247 3606 Jerusalem,
1263 3557 1336 3613 says,
1352 3549 1369 3596 2
1385 3543 1452 3597 Gor.

349 3629 406 3684 viii.
421 3633 463 3693 13,
480 3631 536 3682 Νοι
548 3630 605 3682 stat
619 3631 692 3683 oster
705 3645 766 3682 mesa
775 3645 841 3699 may
856 3631 885 3683 be
898 3631 975 3683 «καὶ
987 3630 1046 3683 aad
1053 3645 1087 3700 ys
1098 3628 1239 3688 bardam
1252 3629 1299 3682 hut
1310 3629 1368 3682 thot
1379 3646 1453 3698 ¹poso·

349 3715 506 3768 abundasses
518 3731 583 3782 moy
601 3715 629 3768 b‘e
645 3731 664 3767 o
682 3713 781 3783 supply
793 3716 849 3782 sos·
864 3715 932 3769 their
951 3724 1035 3769 want.
1068 3713 1130 3768 The
1147 3714 1204 3768 lilse
1217 3714 1393 3785 expressions
1403 3729 1453 3771 aso

348 3796 418 3850 used
432 3797 470 3867 by
483 3796 608 3851 heathen
619 3797 743 3861 authors,
754 3813 784 3852 as
796 3799 875 3870 Livy,
890 3798 1061 3870 Xenophon.
1100 3795 1167 3869 [See
1178 3799 1229 3854 the
1240 3797 1323 3866 texe]

400 3881 417 3937 7
438 3880 478 3936 As
492 3881 542 3936 the
553 3881 674 3937 Hebrew
685 3882 738 3936 law
752 3883 870 3938 allowed
884 3900 902 3937 a
911 3885 1016 3957 liberty
1026 3885 1060 3940 of
1068 3885 1192 3950 divoroe,
1205 3890 1236 3939 ιο
1247 3885 1393 3940 moderate
1403 3884 1454 3940 the

347 3963 496 4020 has-shness
511 3966 545 4020 of
557 3983 622 4021 men
636 3967 755 4022 towards
771 3967 846 4022 their
861 3970 960 4035 πίνοις
977 3987 1009 4026 so
1023 3976 1054 4025 ιο
1071 3971 1191 4025 restrain
1208 3972 1318 4042 private
1332 3985 1454 4040 serengo

348 4055 379 4104 to
391 4047 481 4104 which
493 4051 542 4105 tho
556 4053 655 4108 nation
673 4070 728 4108 was
747 4070 816 4126 very
829 4069 927 4125 prone,
938 4055 989 4110 the
1002 4056 1056 4110 law
1067 4055 1185 4111 allowed
1199 4055 1249 4111 tho
1260 4056 1372 4127 inJurad
1386 4071 1453 4109 maa

275 4151 290 4196 ’τ
348 4141 379 4190 ιο
398 4137 510 4206 require
531 4137 606 4191 from
629 4138 679 4194 the
697 4139 804 4209 injurer
824 4141 1037 4211 oompensation
1058 4159 1091 4196 or
1112 4141 1295 4206 satisfaction‚
1315 4148 1368 4196 not
1385 4140 1453 4194 aith

347 4219 391 4276 his
403 4237 466 4276 own
477 4219 562 4286 hand,
577 4223 629 4277 bnt
643 4223 741 4279 before
752 4222 802 4280 the
819 4225 915 4296 judge.
952 4227 1021 4281 Thia
1036 4243 1091 4281 was
1105 4226 1236 4281 followed
1250 4229 1280 4280 in
1291 4223 1342 4282 the
1356 4226 1409 4279 law
1422 4223 1457 4280 of

346 4305 397 4363 the
406 4307 516 4363 Twelve
528 4307 638 4373 Tables,
648 4309 738 4364 whioh
753 4310 917 4366 authorized
930 4312 1099 4367 retaliation.
1126 4311 1185 4366 But
1196 4311 1298 4376 Christ,
1310 4328 1328 4366 a
1339 4305 1454 4366 teaohe'r

347 4392 382 4446 of
398 4410 417 4447 a
433 4393 527 4449 better
540 4395 679 4466 patience,
698 4395 722 4449 is
739 4411 771 4450 so
788 4394 835 4449 far
851 4396 927 4452 from
947 4399 1102 4469 approving
1116 4397 1167 4450 the
1180 4396 1290 4467 injured
1309 4411 1376 4450 man
1389 4395 1453 4448 who

347 4476 484 4536 demands
497 4479 567 4536 sueh
580 4480 762 4545 satisfactioni,
777 4481 841 4536 that
854 4481 892 4537 he
910 4482 965 4536 will
984 4482 1056 4538 hare
1074 4497 1152 4538 some
1173 4481 1288 4552 injurios
1307 4486 1359 4536 not
1381 4493 1453 4536 eren
